<!DOCTYPE html>
<html lang="en">

<head class="at-element-marker">
  <meta charset="utf-8">
  <link rel="preload" href="/fonts/source-sans-pro/SourceSansPro-Regular.woff2" as="font" type="font/woff2"
    crossorigin="anonymous">
  <link rel="preload" href="/fonts/itc-avant-garde-gothic/AvantGardeGothicITCW05-Demi.woff2" as="font" type="font/woff2"
    crossorigin="anonymous">
  <link rel="preload" href="/fonts/itc-avant-garde-gothic/ITCAvantGardeGothicW05-Bold.woff2" as="font" type="font/woff2"
    crossorigin="anonymous">
  <link rel="preload" href="/fonts/source-sans-pro/SourceSansPro-SemiBold.woff2" as="font" type="font/woff2"
    crossorigin="anonymous">
  <title>Search bananas | Coles</title>
  <meta name="robots" content="noindex,nofollow">
  <meta name="googlebot" content="noindex,nofollow">
  <meta property="og:title" content="Search bananas | Coles">
  <meta property="og:type" content="website">
  <meta property="og:locale" content="en_AU">
  <meta property="og:site_name" content="Coles Online">
  <meta name="viewport" content="width=device-width,initial-scale=1,minimum-scale=1,maximum-scale=5,user-scalable=yes">
  <meta http-equiv="x-ua-compatible" content="IE=edge">
  <meta name="keywords" content="Keywords">
  <meta name="msapplication-TileColor" content="#da532c">
  <meta name="theme-color" content="#ffffff">
  <link rel="manifest" href="/manifest.json">
  <link rel="icon" href="/content/dam/coles/global/icons/favicons/favicon.ico">
  <link rel="icon" type="image/png" sizes="16x16" href="/content/dam/coles/global/icons/favicons/favicon-16x16.png">
  <link rel="icon" type="image/png" sizes="32x32" href="/content/dam/coles/global/icons/favicons/favicon-32x32.png">
  <link rel="apple-touch-icon" sizes="180x180" href="/content/dam/coles/global/icons/favicons/apple-touch-icon.png">
  <link rel="mask-icon" href="/content/dam/coles/global/icons/favicons/safari-pinned-tab.svg" color="#5bbad5">
  <link rel="preload" as="image"
    imagesrcset="https://productimages.coles.com.au/productimages/4/409499.jpg?w=200 1x, https://productimages.coles.com.au/productimages/4/409499.jpg?w=200 2x">
  <link rel="preload" as="image"
    imagesrcset="/_next/image?url=https%3A%2F%2Fcoles.flavedo.io%2Fcitrus%2F34dde056-1e26-47b6-9f96-ff4a7415141d&amp;w=640&amp;q=75 640w, /_next/image?url=https%3A%2F%2Fcoles.flavedo.io%2Fcitrus%2F34dde056-1e26-47b6-9f96-ff4a7415141d&amp;w=750&amp;q=75 750w, /_next/image?url=https%3A%2F%2Fcoles.flavedo.io%2Fcitrus%2F34dde056-1e26-47b6-9f96-ff4a7415141d&amp;w=828&amp;q=75 828w, /_next/image?url=https%3A%2F%2Fcoles.flavedo.io%2Fcitrus%2F34dde056-1e26-47b6-9f96-ff4a7415141d&amp;w=1080&amp;q=75 1080w, /_next/image?url=https%3A%2F%2Fcoles.flavedo.io%2Fcitrus%2F34dde056-1e26-47b6-9f96-ff4a7415141d&amp;w=1200&amp;q=75 1200w, /_next/image?url=https%3A%2F%2Fcoles.flavedo.io%2Fcitrus%2F34dde056-1e26-47b6-9f96-ff4a7415141d&amp;w=1920&amp;q=75 1920w, /_next/image?url=https%3A%2F%2Fcoles.flavedo.io%2Fcitrus%2F34dde056-1e26-47b6-9f96-ff4a7415141d&amp;w=2048&amp;q=75 2048w, /_next/image?url=https%3A%2F%2Fcoles.flavedo.io%2Fcitrus%2F34dde056-1e26-47b6-9f96-ff4a7415141d&amp;w=3840&amp;q=75 3840w"
    imagesizes="100vw">
  <link rel="preload" as="image"
    imagesrcset="/_next/image?url=https%3A%2F%2Fcoles.flavedo.io%2Fcitrus%2F5f20b755-6d71-48fc-805c-56625456b9c3&amp;w=640&amp;q=75 640w, /_next/image?url=https%3A%2F%2Fcoles.flavedo.io%2Fcitrus%2F5f20b755-6d71-48fc-805c-56625456b9c3&amp;w=750&amp;q=75 750w, /_next/image?url=https%3A%2F%2Fcoles.flavedo.io%2Fcitrus%2F5f20b755-6d71-48fc-805c-56625456b9c3&amp;w=828&amp;q=75 828w, /_next/image?url=https%3A%2F%2Fcoles.flavedo.io%2Fcitrus%2F5f20b755-6d71-48fc-805c-56625456b9c3&amp;w=1080&amp;q=75 1080w, /_next/image?url=https%3A%2F%2Fcoles.flavedo.io%2Fcitrus%2F5f20b755-6d71-48fc-805c-56625456b9c3&amp;w=1200&amp;q=75 1200w, /_next/image?url=https%3A%2F%2Fcoles.flavedo.io%2Fcitrus%2F5f20b755-6d71-48fc-805c-56625456b9c3&amp;w=1920&amp;q=75 1920w, /_next/image?url=https%3A%2F%2Fcoles.flavedo.io%2Fcitrus%2F5f20b755-6d71-48fc-805c-56625456b9c3&amp;w=2048&amp;q=75 2048w, /_next/image?url=https%3A%2F%2Fcoles.flavedo.io%2Fcitrus%2F5f20b755-6d71-48fc-805c-56625456b9c3&amp;w=3840&amp;q=75 3840w"
    imagesizes="100vw">
  <link rel="preload" as="image"
    imagesrcset="https://productimages.coles.com.au/productimages/2/2511791.jpg?w=200 1x, https://productimages.coles.com.au/productimages/2/2511791.jpg?w=200 2x">
  <link rel="preload" as="image"
    imagesrcset="https://productimages.coles.com.au/productimages/1/132056.jpg?w=200 1x, https://productimages.coles.com.au/productimages/1/132056.jpg?w=200 2x">
  <link rel="preload" as="image"
    imagesrcset="https://productimages.coles.com.au/productimages/9/9174565.jpg?w=200 1x, https://productimages.coles.com.au/productimages/9/9174565.jpg?w=200 2x">
  <meta name="next-head-count" content="29">
  <meta name="emotion-insertion-point" content="">
  <style data-emotion="mui-style-global" data-s="">
    html {
      -webkit-font-smoothing: antialiased;
      -moz-osx-font-smoothing: grayscale;
      box-sizing: border-box;
      -webkit-text-size-adjust: 100%;
    }

    *,
    *::before,
    *::after {
      box-sizing: inherit;
    }

    strong,
    b {
      font-weight: 700;
    }

    body {
      margin: 0;
      color: #3D3D3D;
      font-family: "SourceSansPro-Regular", "Lucida Sans", sans-serif;
      font-weight: 400;
      font-size: 1rem;
      line-height: 1.5;
      background-color: #FFFFFF;
    }

    @media print {
      body {
        background-color: #FFFFFF;
      }
    }

    body::backdrop {
      background-color: #FFFFFF;
    }

    *,
    *::before,
    *::after {
      box-sizing: border-box;
      padding: 0;
      margin: 0;
    }

    ul {
      list-style: none;
    }

    a {
      color: inherit;
      -webkit-text-decoration: none;
      text-decoration: none;
    }

    .sr-only:not(:focus):not(:active) {
      clip: rect(0 0 0 0);
      -webkit-clip-path: inset(50%);
      clip-path: inset(50%);
      height: 1px;
      overflow: hidden;
      position: absolute;
      white-space: nowrap;
      width: 1px;
    }

    [data-reactroot] {
      height: 100vh;
      display: -webkit-box;
      display: -webkit-flex;
      display: -ms-flexbox;
      display: flex;
      -webkit-flex-direction: column;
      -ms-flex-direction: column;
      flex-direction: column;
    }

    [data-reactroot]>main {
      -webkit-flex: 1;
      -ms-flex: 1;
      flex: 1;
    }

    html {
      font-size: 16px;
    }

    :root {
      --colors-primary-main: #E01A22;
      --colors-primary-dark: #B9091D;
      --colors-common-white: #FFFFFF;
      --colors-background-default: #FFFFFF;
      --colors-text-primary: #3D3D3D;
      --colors-info-main: #2670EE;
      --colors-info-light: #006BDE;
      --colors-warning-main: #FF8F1F;
      --colors-warning-dark: #C55307;
      --colors-success-main: #07883D;
      --colors-success-light: #0DB548;
      --colors-success-dark: #026930;
      --colors-error-main: #B9091D;
      --colors-rdsColorAccent-primary: #E01A22;
      --colors-rdsColorAccent-primaryLighter: #FFF0F0;
      --colors-rdsColorAccent-primaryDark: #B9091D;
      --colors-rdsColorAccent-primaryDarker: #960319;
      --colors-rdsColorAccent-secondary: #FEDC02;
      --colors-rdsColorAccent-secondaryLightest: #FFF7DB;
      --colors-rdsColorAccent-secondaryDark: #ECC104;
      --colors-rdsColorAccent-secondaryDarker: #CE9E03;
      --colors-rdsColorAccent-tertiary: #212121;
      --colors-rdsColorAccent-tertiaryLight: #3D3D3D;
      --colors-rdsColorAccent-tertiaryLighter: #6F6F6F;
      --colors-rdsColorBackground-defaultColor: #FFFFFF;
      --colors-rdsColorBackground-primary: #FFFFFF;
      --colors-rdsColorBackground-secondary: #F5F5F5;
      --colors-rdsColorBackground-tertiary: #E0E0E0;
      --colors-rdsColorBackground-brand: #E01A22;
      --colors-rdsColorBackground-specials: #FEDC02;
      --colors-rdsColorBackground-inverse: #212121;
      --colors-rdsColorBackground-overlay: rgba(33, 33, 33, 0.5);
      --colors-rdsColorBackground-transparent: rgba(255, 255, 255, 0);
      --colors-rdsColorBackground-cream: #FEFAF0;
      --colors-rdsColorBackground-charcoal: #323A41;
      --colors-rdsColorBackground-lightgrey: #F5F5F5;
      --colors-rdsColorBackground-lightergrey: #F0F0F0;
      --colors-rdsColorBackground-darkgrey: #3D3D3D;
      --colors-rdsColorBorder-lightest: #E0E0E0;
      --colors-rdsColorBorder-lighter: #A3A5A7;
      --colors-rdsColorBorder-defaultColor: #8D8D8D;
      --colors-rdsColorBorder-darkest: #212121;
      --colors-rdsColorBorder-inverse: #FFFFFF;
      --colors-rdsColorBorder-brand: #E01A22;
      --colors-rdsColorBorder-specials: #FEDC02;
      --colors-rdsColorText-light: #6F6F6F;
      --colors-rdsColorText-defaultColor: #3D3D3D;
      --colors-rdsColorText-dark: #212121;
      --colors-rdsColorText-inverse: #FFFFFF;
      --colors-rdsColorText-link: #2670EE;
      --colors-rdsColorText-placeholder: #949494;
      --colors-rdsColorText-brand: #E01A22;
      --colors-rdsColorText-brandFlybuy: #047CC2;
      --colors-rdsColorText-feedbackError: #B9091D;
      --colors-rdsColorText-feedbackSuccess: #07883D;
      --colors-rdsColorIcon-light: #6F6F6F;
      --colors-rdsColorIcon-defaultColor: #3D3D3D;
      --colors-rdsColorIcon-dark: #212121;
      --colors-rdsColorIcon-inverse: #FFFFFF;
      --colors-rdsColorIcon-brand: #E01A22;
      --colors-rdsColorIcon-comment: #105cc6;
      --colors-rdsColorPromo-flyBuys: #007CC2;
      --colors-rdsColorPromo-promoNew: #7FBA24;
      --colors-rdsColorFeedback-error: #B9091D;
      --colors-rdsColorFeedback-errorLightest: #FFF5F5;
      --colors-rdsColorFeedback-warning: #FF8F1F;
      --colors-rdsColorFeedback-warningDark: #C55307;
      --colors-rdsColorFeedback-warningDarkest: #993B05;
      --colors-rdsColorFeedback-warningLightest: #FFF7F0;
      --colors-rdsColorFeedback-success: #07883D;
      --colors-rdsColorFeedback-successDark: #026930;
      --colors-rdsColorFeedback-successLight: #0DB548;
      --colors-rdsColorFeedback-successLightest: #EDFEEC;
      --colors-rdsColorFeedback-guidance: #2670EE;
      --colors-rdsColorFeedback-guidanceLightest: #F0FBFF;
      --colors-rdsColorInteractive-primary: #E01A22;
      --colors-rdsColorInteractive-primaryHover: #B9091D;
      --colors-rdsColorInteractive-primaryActive: #960319;
      --colors-rdsColorInteractive-secondary: #212121;
      --colors-rdsColorInteractive-secondaryHover: #3D3D3D;
      --colors-rdsColorInteractive-secondaryActive: #6F6F6F;
      --colors-rdsColorInteractive-link: #2670EE;
      --colors-rdsColorInteractive-inverse: #FFFFFF;
      --colors-rdsColorInteractive-uiHover: #F5F5F5;
      --colors-rdsColorInteractive-uiActive: #E0E0E0;
      --colors-rdsColorInteractive-uiSelected: #F5F5F5;
      --colors-rdsColorInteractive-rowHover: #F5F5F5;
      --colors-rdsColorInteractive-focus: #2670EE;
      --colors-rdsColorInteractive-focusSelect: #006BDE;
      --colors-rdsColorInteractive-focusInverse: #FFFFFF;
      --colors-rdsColorInteractive-uiHoverInverse: rgba(255, 255, 255, 0.15);
      --colors-rdsColorInteractive-uiActiveInverse: rgba(255, 255, 255, 0.3);
      --borderRadius-none: 0;
      --borderRadius-subtle: 2px;
      --borderRadius-default: 4px;
      --borderRadius-soft: 6px;
      --borderRadius-softer: 8px;
      --borderRadius-softest: 16px;
      --borderRadius-round: 9999px;
      --shadows-shadow1: 0px 1px 4px rgba(33, 33, 33, 0.12);
      --shadows-shadow2: 0px 4px 8px rgba(33, 33, 33, 0.12);
      --shadows-shadow3: 0px 8px 16px rgba(33, 33, 33, 0.12);
      --shadows-shadow4: 0px 12px 24px rgba(33, 33, 33, 0.12);
      --shadows-shadow5: 0px 16px 32px rgba(33, 33, 33, 0.12);
      --typography-htmlFontSize: 16;
      --typography-heading-fontFamily: "AvantGardeGothic", Arial, sans-serif;
      --typography-heading-fontFamilyBold: "AvantGardeGothic-bold", "Arial Black", sans-serif;
      --typography-body-fontFamily: "SourceSansPro-Regular", "Lucida Sans", sans-serif;
      --typography-body-fontFamilySemiBold: "SourceSansPro-SemiBold", "Lucida Sans", sans-serif;
      --typography-body-fontFamilyItalic: "SourceSansPro-Italic", "Lucida Sans", sans-serif;
      --typography-body-fontFamilySemiBoldItalic: "SourceSansPro-SemiBoldItalic", "Lucida Sans", sans-serif;
    }

    body,
    html {
      font-synthesis: none;
    }

    strong {
      font-family: var(--typography-body-fontFamilySemiBold, var(--typography-body-fontFamily, "SourceSansPro-SemiBold", "Lucida Sans", sans-serif));
    }
  </style>
  <style data-emotion="mui-style-global" data-s="">
    @-webkit-keyframes mui-auto-fill {
      from {
        display: block;
      }
    }

    @keyframes mui-auto-fill {
      from {
        display: block;
      }
    }

    @-webkit-keyframes mui-auto-fill-cancel {
      from {
        display: block;
      }
    }

    @keyframes mui-auto-fill-cancel {
      from {
        display: block;
      }
    }
  </style>
  <style data-emotion="mui-style-global" data-s=""></style>
  <style data-emotion="mui-style 1gu67t2 tzsjye oasusv mnn31 v7esy 13sljp9 1x493w9 1cccqvr 1k3x8v3 1rb0eps 1xr9krm"
    data-s="">
    .mui-style-1gu67t2 {
      display: block;
      background-color: rgba(61, 61, 61, 0.11);
      height: 1.2em;
      position: relative;
      overflow: hidden;
      -webkit-mask-image: -webkit-radial-gradient(white, black);
      background: var(--colors-rdsColorBackground-secondary, #F5F5F5);
      margin: 0px 0px 0px 0px;
      width: 100%;
      height: 100%;
    }

    .mui-style-1gu67t2::after {
      -webkit-animation: animation-wiooy9 1.6s linear 0.5s infinite;
      animation: animation-wiooy9 1.6s linear 0.5s infinite;
      background: linear-gradient(90deg,
          transparent,
          rgba(0, 0, 0, 0.04),
          transparent);
      content: '';
      position: absolute;
      -webkit-transform: translateX(-100%);
      -moz-transform: translateX(-100%);
      -ms-transform: translateX(-100%);
      transform: translateX(-100%);
      bottom: 0;
      left: 0;
      right: 0;
      top: 0;
    }

    .mui-style-1gu67t2.MuiSkeleton-wave::after {
      background: linear-gradient(90deg,
          transparent,
          var(--colors-rdsColorBackground-secondary, #F5F5F5),
          transparent);
      -webkit-filter: brightness(0.975);
      filter: brightness(0.975);
    }

    .mui-style-tzsjye {
      display: -webkit-inline-box;
      display: -webkit-inline-flex;
      display: -ms-inline-flexbox;
      display: inline-flex;
      -webkit-flex-direction: column;
      -ms-flex-direction: column;
      flex-direction: column;
      position: relative;
      min-width: 0;
      padding: 0;
      margin: 0;
      border: 0;
      vertical-align: top;
      width: 100%;
    }

    .mui-style-oasusv {
      font-family: "Roboto", "Helvetica", "Arial", sans-serif;
      font-weight: 400;
      font-size: 1rem;
      line-height: 1.4375em;
      letter-spacing: 0.00938em;
      color: rgba(0, 0, 0, 0.87);
      box-sizing: border-box;
      position: relative;
      cursor: text;
      display: -webkit-inline-box;
      display: -webkit-inline-flex;
      display: -ms-inline-flexbox;
      display: inline-flex;
      -webkit-align-items: center;
      -webkit-box-align: center;
      -ms-flex-align: center;
      align-items: center;
    }

    .mui-style-oasusv.Mui-disabled {
      color: rgba(0, 0, 0, 0.38);
      cursor: default;
    }

    .mui-style-mnn31 {
      font: inherit;
      letter-spacing: inherit;
      color: currentColor;
      padding: 4px 0 5px;
      border: 0;
      box-sizing: content-box;
      background: none;
      height: 1.4375em;
      margin: 0;
      -webkit-tap-highlight-color: transparent;
      display: block;
      min-width: 0;
      width: 100%;
      -webkit-animation-name: mui-auto-fill-cancel;
      animation-name: mui-auto-fill-cancel;
      -webkit-animation-duration: 10ms;
      animation-duration: 10ms;
    }

    .mui-style-mnn31::-webkit-input-placeholder {
      color: currentColor;
      opacity: 0.42;
      -webkit-transition: opacity 200ms cubic-bezier(0.4, 0, 0.2, 1) 0ms;
      transition: opacity 200ms cubic-bezier(0.4, 0, 0.2, 1) 0ms;
    }

    .mui-style-mnn31::-moz-placeholder {
      color: currentColor;
      opacity: 0.42;
      -webkit-transition: opacity 200ms cubic-bezier(0.4, 0, 0.2, 1) 0ms;
      transition: opacity 200ms cubic-bezier(0.4, 0, 0.2, 1) 0ms;
    }

    .mui-style-mnn31:-ms-input-placeholder {
      color: currentColor;
      opacity: 0.42;
      -webkit-transition: opacity 200ms cubic-bezier(0.4, 0, 0.2, 1) 0ms;
      transition: opacity 200ms cubic-bezier(0.4, 0, 0.2, 1) 0ms;
    }

    .mui-style-mnn31::-ms-input-placeholder {
      color: currentColor;
      opacity: 0.42;
      -webkit-transition: opacity 200ms cubic-bezier(0.4, 0, 0.2, 1) 0ms;
      transition: opacity 200ms cubic-bezier(0.4, 0, 0.2, 1) 0ms;
    }

    .mui-style-mnn31:focus {
      outline: 0;
    }

    .mui-style-mnn31:invalid {
      box-shadow: none;
    }

    .mui-style-mnn31::-webkit-search-decoration {
      -webkit-appearance: none;
    }

    label[data-shrink=false]+.MuiInputBase-formControl .mui-style-mnn31::-webkit-input-placeholder {
      opacity: 0 !important;
    }

    label[data-shrink=false]+.MuiInputBase-formControl .mui-style-mnn31::-moz-placeholder {
      opacity: 0 !important;
    }

    label[data-shrink=false]+.MuiInputBase-formControl .mui-style-mnn31:-ms-input-placeholder {
      opacity: 0 !important;
    }

    label[data-shrink=false]+.MuiInputBase-formControl .mui-style-mnn31::-ms-input-placeholder {
      opacity: 0 !important;
    }

    label[data-shrink=false]+.MuiInputBase-formControl .mui-style-mnn31:focus::-webkit-input-placeholder {
      opacity: 0.42;
    }

    label[data-shrink=false]+.MuiInputBase-formControl .mui-style-mnn31:focus::-moz-placeholder {
      opacity: 0.42;
    }

    label[data-shrink=false]+.MuiInputBase-formControl .mui-style-mnn31:focus:-ms-input-placeholder {
      opacity: 0.42;
    }

    label[data-shrink=false]+.MuiInputBase-formControl .mui-style-mnn31:focus::-ms-input-placeholder {
      opacity: 0.42;
    }

    .mui-style-mnn31.Mui-disabled {
      opacity: 1;
      -webkit-text-fill-color: rgba(0, 0, 0, 0.38);
    }

    .mui-style-mnn31:-webkit-autofill {
      -webkit-animation-duration: 5000s;
      animation-duration: 5000s;
      -webkit-animation-name: mui-auto-fill;
      animation-name: mui-auto-fill;
    }

    .mui-style-v7esy {
      color: rgba(0, 0, 0, 0.6);
      font-family: "Roboto", "Helvetica", "Arial", sans-serif;
      font-weight: 400;
      font-size: 0.75rem;
      line-height: 1.66;
      letter-spacing: 0.03333em;
      text-align: left;
      margin-top: 3px;
      margin-right: 14px;
      margin-bottom: 0;
      margin-left: 14px;
    }

    .mui-style-v7esy.Mui-disabled {
      color: rgba(0, 0, 0, 0.38);
    }

    .mui-style-v7esy.Mui-error {
      color: #d32f2f;
    }

    .mui-style-13sljp9 {
      display: -webkit-inline-box;
      display: -webkit-inline-flex;
      display: -ms-inline-flexbox;
      display: inline-flex;
      -webkit-flex-direction: column;
      -ms-flex-direction: column;
      flex-direction: column;
      position: relative;
      min-width: 0;
      padding: 0;
      margin: 0;
      border: 0;
      vertical-align: top;
    }

    .mui-style-1x493w9 {
      font-family: "SourceSansPro-Regular", "Lucida Sans", sans-serif;
      font-weight: 400;
      font-size: 1rem;
      line-height: 1.4375em;
      color: #3D3D3D;
      box-sizing: border-box;
      position: relative;
      cursor: text;
      display: -webkit-inline-box;
      display: -webkit-inline-flex;
      display: -ms-inline-flexbox;
      display: inline-flex;
      -webkit-align-items: center;
      -webkit-box-align: center;
      -ms-flex-align: center;
      align-items: center;
      position: relative;
    }

    .mui-style-1x493w9.Mui-disabled {
      color: rgba(0, 0, 0, 0.38);
      cursor: default;
    }

    label+.mui-style-1x493w9 {
      margin-top: 16px;
    }

    .mui-style-1x493w9:after {
      border-bottom: 2px solid #E01A22;
      left: 0;
      bottom: 0;
      content: "";
      position: absolute;
      right: 0;
      -webkit-transform: scaleX(0);
      -moz-transform: scaleX(0);
      -ms-transform: scaleX(0);
      transform: scaleX(0);
      -webkit-transition: -webkit-transform 200ms cubic-bezier(0.0, 0, 0.2, 1) 0ms;
      transition: transform 200ms cubic-bezier(0.0, 0, 0.2, 1) 0ms;
      pointer-events: none;
    }

    .mui-style-1x493w9.Mui-focused:after {
      -webkit-transform: scaleX(1) translateX(0);
      -moz-transform: scaleX(1) translateX(0);
      -ms-transform: scaleX(1) translateX(0);
      transform: scaleX(1) translateX(0);
    }

    .mui-style-1x493w9.Mui-error:after {
      border-bottom-color: #B9091D;
      -webkit-transform: scaleX(1);
      -moz-transform: scaleX(1);
      -ms-transform: scaleX(1);
      transform: scaleX(1);
    }

    .mui-style-1x493w9:before {
      border-bottom: 1px solid rgba(0, 0, 0, 0.42);
      left: 0;
      bottom: 0;
      content: "\00a0";
      position: absolute;
      right: 0;
      -webkit-transition: border-bottom-color 200ms cubic-bezier(0.4, 0, 0.2, 1) 0ms;
      transition: border-bottom-color 200ms cubic-bezier(0.4, 0, 0.2, 1) 0ms;
      pointer-events: none;
    }

    .mui-style-1x493w9:hover:not(.Mui-disabled):before {
      border-bottom: 2px solid #3D3D3D;
    }

    @media (hover: none) {
      .mui-style-1x493w9:hover:not(.Mui-disabled):before {
        border-bottom: 1px solid rgba(0, 0, 0, 0.42);
      }
    }

    .mui-style-1x493w9.Mui-disabled:before {
      border-bottom-style: dotted;
    }

    .mui-style-1cccqvr {
      -moz-appearance: none;
      -webkit-appearance: none;
      -webkit-user-select: none;
      -moz-user-select: none;
      -ms-user-select: none;
      user-select: none;
      border-radius: 0;
      cursor: pointer;
      font: inherit;
      letter-spacing: inherit;
      color: currentColor;
      padding: 4px 0 5px;
      border: 0;
      box-sizing: content-box;
      background: none;
      height: 1.4375em;
      margin: 0;
      -webkit-tap-highlight-color: transparent;
      display: block;
      min-width: 0;
      width: 100%;
      -webkit-animation-name: mui-auto-fill-cancel;
      animation-name: mui-auto-fill-cancel;
      -webkit-animation-duration: 10ms;
      animation-duration: 10ms;
    }

    .mui-style-1cccqvr:focus {
      background-color: rgba(0, 0, 0, 0.05);
      border-radius: 0;
    }

    .mui-style-1cccqvr::-ms-expand {
      display: none;
    }

    .mui-style-1cccqvr.Mui-disabled {
      cursor: default;
    }

    .mui-style-1cccqvr[multiple] {
      height: auto;
    }

    .mui-style-1cccqvr:not([multiple]) option,
    .mui-style-1cccqvr:not([multiple]) optgroup {
      background-color: #fff;
    }

    .mui-style-1cccqvr.mui-style-1cccqvr.mui-style-1cccqvr {
      padding-right: 24px;
      min-width: 16px;
    }

    .mui-style-1cccqvr.MuiSelect-select {
      height: auto;
      min-height: 1.4375em;
      text-overflow: ellipsis;
      white-space: nowrap;
      overflow: hidden;
    }

    .mui-style-1cccqvr::-webkit-input-placeholder {
      color: currentColor;
      opacity: 0.42;
      -webkit-transition: opacity 200ms cubic-bezier(0.4, 0, 0.2, 1) 0ms;
      transition: opacity 200ms cubic-bezier(0.4, 0, 0.2, 1) 0ms;
    }

    .mui-style-1cccqvr::-moz-placeholder {
      color: currentColor;
      opacity: 0.42;
      -webkit-transition: opacity 200ms cubic-bezier(0.4, 0, 0.2, 1) 0ms;
      transition: opacity 200ms cubic-bezier(0.4, 0, 0.2, 1) 0ms;
    }

    .mui-style-1cccqvr:-ms-input-placeholder {
      color: currentColor;
      opacity: 0.42;
      -webkit-transition: opacity 200ms cubic-bezier(0.4, 0, 0.2, 1) 0ms;
      transition: opacity 200ms cubic-bezier(0.4, 0, 0.2, 1) 0ms;
    }

    .mui-style-1cccqvr::-ms-input-placeholder {
      color: currentColor;
      opacity: 0.42;
      -webkit-transition: opacity 200ms cubic-bezier(0.4, 0, 0.2, 1) 0ms;
      transition: opacity 200ms cubic-bezier(0.4, 0, 0.2, 1) 0ms;
    }

    .mui-style-1cccqvr:focus {
      outline: 0;
    }

    .mui-style-1cccqvr:invalid {
      box-shadow: none;
    }

    .mui-style-1cccqvr::-webkit-search-decoration {
      -webkit-appearance: none;
    }

    label[data-shrink=false]+.MuiInputBase-formControl .mui-style-1cccqvr::-webkit-input-placeholder {
      opacity: 0 !important;
    }

    label[data-shrink=false]+.MuiInputBase-formControl .mui-style-1cccqvr::-moz-placeholder {
      opacity: 0 !important;
    }

    label[data-shrink=false]+.MuiInputBase-formControl .mui-style-1cccqvr:-ms-input-placeholder {
      opacity: 0 !important;
    }

    label[data-shrink=false]+.MuiInputBase-formControl .mui-style-1cccqvr::-ms-input-placeholder {
      opacity: 0 !important;
    }

    label[data-shrink=false]+.MuiInputBase-formControl .mui-style-1cccqvr:focus::-webkit-input-placeholder {
      opacity: 0.42;
    }

    label[data-shrink=false]+.MuiInputBase-formControl .mui-style-1cccqvr:focus::-moz-placeholder {
      opacity: 0.42;
    }

    label[data-shrink=false]+.MuiInputBase-formControl .mui-style-1cccqvr:focus:-ms-input-placeholder {
      opacity: 0.42;
    }

    label[data-shrink=false]+.MuiInputBase-formControl .mui-style-1cccqvr:focus::-ms-input-placeholder {
      opacity: 0.42;
    }

    .mui-style-1cccqvr.Mui-disabled {
      opacity: 1;
      -webkit-text-fill-color: rgba(0, 0, 0, 0.38);
    }

    .mui-style-1cccqvr:-webkit-autofill {
      -webkit-animation-duration: 5000s;
      animation-duration: 5000s;
      -webkit-animation-name: mui-auto-fill;
      animation-name: mui-auto-fill;
    }

    .mui-style-1k3x8v3 {
      bottom: 0;
      left: 0;
      position: absolute;
      opacity: 0;
      pointer-events: none;
      width: 100%;
      box-sizing: border-box;
    }

    .mui-style-1rb0eps {
      position: absolute;
      right: 0;
      top: calc(50% - .5em);
      pointer-events: none;
      color: rgba(0, 0, 0, 0.54);
    }

    .mui-style-1rb0eps.Mui-disabled {
      color: rgba(0, 0, 0, 0.26);
    }

    .mui-style-1xr9krm {
      display: -webkit-inline-box;
      display: -webkit-inline-flex;
      display: -ms-inline-flexbox;
      display: inline-flex;
      -webkit-align-items: center;
      -webkit-box-align: center;
      -ms-flex-align: center;
      align-items: center;
      -webkit-box-pack: center;
      -ms-flex-pack: center;
      -webkit-justify-content: center;
      justify-content: center;
      position: relative;
      box-sizing: border-box;
      -webkit-tap-highlight-color: transparent;
      background-color: transparent;
      outline: 0;
      border: 0;
      margin: 0;
      border-radius: 0;
      padding: 0;
      cursor: pointer;
      -webkit-user-select: none;
      -moz-user-select: none;
      -ms-user-select: none;
      user-select: none;
      vertical-align: middle;
      -moz-appearance: none;
      -webkit-appearance: none;
      -webkit-text-decoration: none;
      text-decoration: none;
      color: inherit;
      font-family: "Roboto", "Helvetica", "Arial", sans-serif;
      font-weight: 400;
      font-size: 0.875rem;
      line-height: 1.43;
      letter-spacing: 0.01071em;
      border-radius: 16px;
      text-align: center;
      box-sizing: border-box;
      min-width: 32px;
      height: 32px;
      padding: 0 6px;
      margin: 0 3px;
      color: rgba(0, 0, 0, 0.87);
      -webkit-transition: color 250ms cubic-bezier(0.4, 0, 0.2, 1) 0ms, background-color 250ms cubic-bezier(0.4, 0, 0.2, 1) 0ms;
      transition: color 250ms cubic-bezier(0.4, 0, 0.2, 1) 0ms, background-color 250ms cubic-bezier(0.4, 0, 0.2, 1) 0ms;
    }

    .mui-style-1xr9krm::-moz-focus-inner {
      border-style: none;
    }

    .mui-style-1xr9krm.Mui-disabled {
      pointer-events: none;
      cursor: default;
    }

    @media print {
      .mui-style-1xr9krm {
        -webkit-print-color-adjust: exact;
        color-adjust: exact;
      }
    }

    .mui-style-1xr9krm.Mui-focusVisible {
      background-color: rgba(0, 0, 0, 0.12);
    }

    .mui-style-1xr9krm.Mui-disabled {
      opacity: 0.38;
    }

    .mui-style-1xr9krm:hover {
      background-color: rgba(0, 0, 0, 0.04);
    }

    @media (hover: none) {
      .mui-style-1xr9krm:hover {
        background-color: transparent;
      }
    }

    .mui-style-1xr9krm.Mui-selected {
      background-color: rgba(0, 0, 0, 0.08);
    }

    .mui-style-1xr9krm.Mui-selected:hover {
      background-color: rgba(0, 0, 0, 0.12);
    }

    @media (hover: none) {
      .mui-style-1xr9krm.Mui-selected:hover {
        background-color: rgba(0, 0, 0, 0.08);
      }
    }

    .mui-style-1xr9krm.Mui-selected.Mui-focusVisible {
      background-color: rgba(0, 0, 0, 0.2);
    }

    .mui-style-1xr9krm.Mui-selected.Mui-disabled {
      opacity: 1;
      color: rgba(0, 0, 0, 0.26);
      background-color: rgba(0, 0, 0, 0.08);
    }

    .mui-style-1xr9krm.Mui-selected.Mui-disabled {
      color: rgba(0, 0, 0, 0.26);
    }
  </style>
  <style data-emotion="mui-style" data-s=""></style>
  <link rel="preload" href="/_next/static/css/f6e41f96381b6e87.css" as="style">
  <link rel="stylesheet" href="/_next/static/css/f6e41f96381b6e87.css" data-n-g=""><noscript data-n-css=""></noscript>
  <script async="" src="https://www.clarity.ms/s/0.7.8/clarity.js"></script>
  <script async="" src="https://www.clarity.ms/tag/uet/20263263"></script>
  <script type="text/javascript" async=""
    src="https://dc.oracleinfinity.io/zxwxleko58/wtid.js?callback=ORA.analytics.dcsRef.dcsGetIdCallback"></script>
  <script src="https://connect.facebook.net/signals/config/646643002168390?v=2.9.121&amp;r=stable" async=""></script>
  <script async="" src="https://connect.facebook.net/en_US/fbevents.js"></script>
  <script src="https://bat.bing.com/bat.js" async=""></script>
  <script async="" src="//c.oracleinfinity.io/acs/account/zxwxleko58/js/gtm/odc.js"></script>
  <script type="text/javascript" async=""
    src="https://www.googletagmanager.com/gtag/js?id=DC-5754594&amp;l=dataLayer&amp;cx=c"></script>
  <script type="text/javascript" async=""
    src="https://www.googletagmanager.com/gtag/js?id=AW-1021688983&amp;l=dataLayer&amp;cx=c"></script>
  <script async="" src="https://cdn.decibelinsight.net/i/14094/982574/di.js" id="di_14094_982574"></script>
  <script defer="" nomodule="" src="/_next/static/chunks/polyfills-c67a75d1b6f99dc8.js"></script>
  <script src="//assets.adobedtm.com/be8983348498/7775e8833f85/launch-3482e2af0e30.min.js"
    data-testid="analytics-script" defer="" data-nscript="beforeInteractive"></script>
  <script src="/_next/static/chunks/webpack-d5d54bb42b1979f6.js" defer=""></script>
  <script src="/_next/static/chunks/framework-f8539686f3f3cd68.js" defer=""></script>
  <script src="/_next/static/chunks/main-54d2b2c120accb8c.js" defer=""></script>
  <script src="/_next/static/chunks/pages/_app-151813172b3c0515.js" defer=""></script>
  <script src="/_next/static/chunks/4474-a7cfb4dc80943348.js" defer=""></script>
  <script src="/_next/static/chunks/pages/search-4add0c686ee5abd0.js" defer=""></script>
  <script src="/_next/static/20230801.02_v3.44.0/_buildManifest.js" defer=""></script>
  <script src="/_next/static/20230801.02_v3.44.0/_ssgManifest.js" defer=""></script>
  <style data-styled="active" data-styled-version="5.3.3"></style>
  <script src="https://assets.adobedtm.com/extensions/EPbf7b42aa08bc4f10879b1484195e80d1/AppMeasurement.min.js"
    async=""></script>
  <script
    src="https://assets.adobedtm.com/extensions/EPbf7b42aa08bc4f10879b1484195e80d1/AppMeasurement_Module_ActivityMap.min.js"
    async=""></script>
  <script
    src="https://assets.adobedtm.com/extensions/EPbf7b42aa08bc4f10879b1484195e80d1/AppMeasurement_Module_AudienceManagement.min.js"
    async=""></script>
  <style data-emotion="mui-style-global animation-wiooy9" data-s="">
    @-webkit-keyframes animation-wiooy9 {
      0% {
        -webkit-transform: translateX(-100%);
        -moz-transform: translateX(-100%);
        -ms-transform: translateX(-100%);
        transform: translateX(-100%);
      }

      50% {
        -webkit-transform: translateX(100%);
        -moz-transform: translateX(100%);
        -ms-transform: translateX(100%);
        transform: translateX(100%);
      }

      100% {
        -webkit-transform: translateX(100%);
        -moz-transform: translateX(100%);
        -ms-transform: translateX(100%);
        transform: translateX(100%);
      }
    }

    @keyframes animation-wiooy9 {
      0% {
        -webkit-transform: translateX(-100%);
        -moz-transform: translateX(-100%);
        -ms-transform: translateX(-100%);
        transform: translateX(-100%);
      }

      50% {
        -webkit-transform: translateX(100%);
        -moz-transform: translateX(100%);
        -ms-transform: translateX(100%);
        transform: translateX(100%);
      }

      100% {
        -webkit-transform: translateX(100%);
        -moz-transform: translateX(100%);
        -ms-transform: translateX(100%);
        transform: translateX(100%);
      }
    }
  </style>
  <script
    src="https://assets.adobedtm.com/be8983348498/7775e8833f85/e07eea396cea/RC77c56333ca674d818eaaa801a643198f-source.min.js"
    async=""></script>
  <script class="goq" type="text/javascript">
    if (typeof goq == 'undefined') {
      try {
        !function (t, e) { "function" == typeof define && define.amd ? define(function () { return e(t) }) : e(t) }(window, function (t) { var e = function () { function k(t) { return null == t ? String(t) : C[S.call(t)] || "object" } function Z(t) { return "function" == k(t) } function j(t) { return null != t && t == t.window } function D(t) { return null != t && t.nodeType == t.DOCUMENT_NODE } function q(t) { return "object" == k(t) } function M(t) { return q(t) && !j(t) && Object.getPrototypeOf(t) == Object.prototype } function z(t) { var e = !!t && "length" in t && t.length, n = r.type(t); return "function" != n && !j(t) && ("array" == n || 0 === e || "number" == typeof e && e > 0 && e - 1 in t) } function V(t) { return u.call(t, function (t) { return null != t }) } function _(t) { return t.length > 0 ? r.fn.concat.apply([], t) : t } function B(t) { return t.replace(/::/g, "/").replace(/([A-Z]+)([A-Z][a-z])/g, "$1_$2").replace(/([a-z\d])([A-Z])/g, "$1_$2").replace(/_/g, "-").toLowerCase() } function F(t) { return t in l ? l[t] : l[t] = new RegExp("(^|\\s)" + t + "(\\s|$)") } function R(t, e) { return "number" != typeof e || h[B(t)] ? e : e + "px" } function I(t) { var e, n; return c[t] || (e = a.createElement(t), a.body.appendChild(e), n = getComputedStyle(e, "").getPropertyValue("display"), e.parentNode.removeChild(e), "none" == n && (n = "block"), c[t] = n), c[t] } function H(t) { return "children" in t ? f.call(t.children) : r.map(t.childNodes, function (t) { return 1 == t.nodeType ? t : void 0 }) } function X(t, e) { var n, r = t ? t.length : 0; for (n = 0; r > n; n++)this[n] = t[n]; this.length = r, this.selector = e || "" } function Y(t, r, i) { for (n in r) i && (M(r[n]) || $(r[n])) ? (M(r[n]) && !M(t[n]) && (t[n] = {}), $(r[n]) && !$(t[n]) && (t[n] = []), Y(t[n], r[n], i)) : r[n] !== e && (t[n] = r[n]) } function J(t, e) { return null == e ? r(t) : r(t).filter(e) } function U(t, e, n, r) { return Z(e) ? e.call(t, n, r) : e } function W(t, e, n) { null == n ? t.removeAttribute(e) : t.setAttribute(e, n) } function G(t, n) { var r = t.className || "", i = r && r.baseVal !== e; return n === e ? i ? r.baseVal : r : void (i ? r.baseVal = n : t.className = n) } function K(t) { try { return t ? "true" == t || ("false" == t ? !1 : "null" == t ? null : +t + "" == t ? +t : /^[\[\{]/.test(t) ? r.parseJSON(t) : t) : t } catch (e) { return t } } function Q(t, e) { e(t); for (var n = 0, r = t.childNodes.length; r > n; n++)Q(t.childNodes[n], e) } var e, n, r, i, T, P, o = [], s = o.concat, u = o.filter, f = o.slice, a = t.document, c = {}, l = {}, h = { "column-count": 1, columns: 1, "font-weight": 1, "line-height": 1, opacity: 1, "z-index": 1, zoom: 1 }, p = /^\s*<(\w+|!)[^>]*>/, d = /^<(\w+)\s*\/?>(?:<\/\1>|)$/, m = /<(?!area|br|col|embed|hr|img|input|link|meta|param)(([\w:]+)[^>]*)\/>/gi, g = /^(?:body|html)$/i, v = /([A-Z])/g, y = ["val", "css", "html", "text", "data", "width", "height", "offset"], E = ["after", "prepend", "before", "append"], b = a.createElement("table"), w = a.createElement("tr"), x = { tr: a.createElement("tbody"), tbody: b, thead: b, tfoot: b, td: w, th: w, "*": a.createElement("div") }, N = /^[\w-]*$/, C = {}, S = C.toString, O = {}, A = a.createElement("div"), L = { tabindex: "tabIndex", readonly: "readOnly", "for": "htmlFor", "class": "className", maxlength: "maxLength", cellspacing: "cellSpacing", cellpadding: "cellPadding", rowspan: "rowSpan", colspan: "colSpan", usemap: "useMap", frameborder: "frameBorder", contenteditable: "contentEditable" }, $ = Array.isArray || function (t) { return t instanceof Array }; return O.matches = function (t, e) { if (!e || !t || 1 !== t.nodeType) return !1; var n = t.matches || t.webkitMatchesSelector || t.mozMatchesSelector || t.oMatchesSelector || t.matchesSelector; if (n) return n.call(t, e); var r, i = t.parentNode, o = !i; return o && (i = A).appendChild(t), r = ~O.qsa(i, e).indexOf(t), o && A.removeChild(t), r }, T = function (t) { return t.replace(/-+(.)?/g, function (t, e) { return e ? e.toUpperCase() : "" }) }, P = function (t) { return u.call(t, function (e, n) { return t.indexOf(e) == n }) }, O.fragment = function (t, n, i) { var o, s, u; return d.test(t) && (o = r(a.createElement(RegExp.$1))), o || (t.replace && (t = t.replace(m, "<$1></$2>")), n === e && (n = p.test(t) && RegExp.$1), n in x || (n = "*"), u = x[n], u.innerHTML = "" + t, o = r.each(f.call(u.childNodes), function () { u.removeChild(this) })), M(i) && (s = r(o), r.each(i, function (t, e) { y.indexOf(t) > -1 ? s[t](e) : s.attr(t, e) })), o }, O.Z = function (t, e) { return new X(t, e) }, O.isZ = function (t) { return t instanceof O.Z }, O.init = function (t, n) { var i; if (!t) return O.Z(); if ("string" == typeof t) if (t = t.trim(), "<" == t[0] && p.test(t)) i = O.fragment(t, RegExp.$1, n), t = null; else { if (n !== e) return r(n).find(t); i = O.qsa(a, t) } else { if (Z(t)) return r(a).ready(t); if (O.isZ(t)) return t; if ($(t)) i = V(t); else if (q(t)) i = [t], t = null; else if (p.test(t)) i = O.fragment(t.trim(), RegExp.$1, n), t = null; else { if (n !== e) return r(n).find(t); i = O.qsa(a, t) } } return O.Z(i, t) }, r = function (t, e) { return O.init(t, e) }, r.extend = function (t) { var e, n = f.call(arguments, 1); return "boolean" == typeof t && (e = t, t = n.shift()), n.forEach(function (n) { Y(t, n, e) }), t }, O.qsa = function (t, e) { var n, r = "#" == e[0], i = !r && "." == e[0], o = r || i ? e.slice(1) : e, s = N.test(o); return t.getElementById && s && r ? (n = t.getElementById(o)) ? [n] : [] : 1 !== t.nodeType && 9 !== t.nodeType && 11 !== t.nodeType ? [] : f.call(s && !r && t.getElementsByClassName ? i ? t.getElementsByClassName(o) : t.getElementsByTagName(e) : t.querySelectorAll(e)) }, r.contains = a.documentElement.contains ? function (t, e) { return t !== e && t.contains(e) } : function (t, e) { for (; e && (e = e.parentNode);)if (e === t) return !0; return !1 }, r.type = k, r.isFunction = Z, r.isWindow = j, r.isArray = $, r.isPlainObject = M, r.isEmptyObject = function (t) { var e; for (e in t) return !1; return !0 }, r.isNumeric = function (t) { var e = Number(t), n = typeof t; return null != t && "boolean" != n && ("string" != n || t.length) && !isNaN(e) && isFinite(e) || !1 }, r.inArray = function (t, e, n) { return o.indexOf.call(e, t, n) }, r.camelCase = T, r.trim = function (t) { return null == t ? "" : String.prototype.trim.call(t) }, r.uuid = 0, r.support = {}, r.expr = {}, r.noop = function () { }, r.map = function (t, e) { var n, i, o, r = []; if (z(t)) for (i = 0; i < t.length; i++)n = e(t[i], i), null != n && r.push(n); else for (o in t) n = e(t[o], o), null != n && r.push(n); return _(r) }, r.each = function (t, e) { var n, r; if (z(t)) { for (n = 0; n < t.length; n++)if (e.call(t[n], n, t[n]) === !1) return t } else for (r in t) if (e.call(t[r], r, t[r]) === !1) return t; return t }, r.grep = function (t, e) { return u.call(t, e) }, t.JSON && (r.parseJSON = JSON.parse), r.each("Boolean Number String Function Array Date RegExp Object Error".split(" "), function (t, e) { C["[object " + e + "]"] = e.toLowerCase() }), r.fn = { constructor: O.Z, length: 0, forEach: o.forEach, reduce: o.reduce, push: o.push, sort: o.sort, splice: o.splice, indexOf: o.indexOf, concat: function () { var t, e, n = []; for (t = 0; t < arguments.length; t++)e = arguments[t], n[t] = O.isZ(e) ? e.toArray() : e; return s.apply(O.isZ(this) ? this.toArray() : this, n) }, map: function (t) { return r(r.map(this, function (e, n) { return t.call(e, n, e) })) }, slice: function () { return r(f.apply(this, arguments)) }, ready: function (e) { if ("complete" === a.readyState || "loading" !== a.readyState && !a.documentElement.doScroll) setTimeout(function () { e(r) }, 0); else { var n = function () { a.removeEventListener("DOMContentLoaded", n, !1), t.removeEventListener("load", n, !1), e(r) }; a.addEventListener("DOMContentLoaded", n, !1), t.addEventListener("load", n, !1) } return this }, get: function (t) { return t === e ? f.call(this) : this[t >= 0 ? t : t + this.length] }, toArray: function () { return this.get() }, size: function () { return this.length }, remove: function () { return this.each(function () { null != this.parentNode && this.parentNode.removeChild(this) }) }, each: function (t) { return o.every.call(this, function (e, n) { return t.call(e, n, e) !== !1 }), this }, filter: function (t) { return Z(t) ? this.not(this.not(t)) : r(u.call(this, function (e) { return O.matches(e, t) })) }, add: function (t, e) { return r(P(this.concat(r(t, e)))) }, is: function (t) { return "string" == typeof t ? this.length > 0 && O.matches(this[0], t) : t && this.selector == t.selector }, not: function (t) { var n = []; if (Z(t) && t.call !== e) this.each(function (e) { t.call(this, e) || n.push(this) }); else { var i = "string" == typeof t ? this.filter(t) : z(t) && Z(t.item) ? f.call(t) : r(t); this.forEach(function (t) { i.indexOf(t) < 0 && n.push(t) }) } return r(n) }, has: function (t) { return this.filter(function () { return q(t) ? r.contains(this, t) : r(this).find(t).size() }) }, eq: function (t) { return -1 === t ? this.slice(t) : this.slice(t, +t + 1) }, first: function () { var t = this[0]; return t && !q(t) ? t : r(t) }, last: function () { var t = this[this.length - 1]; return t && !q(t) ? t : r(t) }, find: function (t) { var e, n = this; return e = t ? "object" == typeof t ? r(t).filter(function () { var t = this; return o.some.call(n, function (e) { return r.contains(e, t) }) }) : 1 == this.length ? r(O.qsa(this[0], t)) : this.map(function () { return O.qsa(this, t) }) : r() }, closest: function (t, e) { var n = [], i = "object" == typeof t && r(t); return this.each(function (r, o) { for (; o && !(i ? i.indexOf(o) >= 0 : O.matches(o, t));)o = o !== e && !D(o) && o.parentNode; o && n.indexOf(o) < 0 && n.push(o) }), r(n) }, parents: function (t) { for (var e = [], n = this; n.length > 0;)n = r.map(n, function (t) { return (t = t.parentNode) && !D(t) && e.indexOf(t) < 0 ? (e.push(t), t) : void 0 }); return J(e, t) }, parent: function (t) { return J(P(this.pluck("parentNode")), t) }, children: function (t) { return J(this.map(function () { return H(this) }), t) }, contents: function () { return this.map(function () { return this.contentDocument || f.call(this.childNodes) }) }, siblings: function (t) { return J(this.map(function (t, e) { return u.call(H(e.parentNode), function (t) { return t !== e }) }), t) }, empty: function () { return this.each(function () { this.innerHTML = "" }) }, pluck: function (t) { return r.map(this, function (e) { return e[t] }) }, show: function () { return this.each(function () { "none" == this.style.display && (this.style.display = ""), "none" == getComputedStyle(this, "").getPropertyValue("display") && (this.style.display = I(this.nodeName)) }) }, replaceWith: function (t) { return this.before(t).remove() }, wrap: function (t) { var e = Z(t); if (this[0] && !e) var n = r(t).get(0), i = n.parentNode || this.length > 1; return this.each(function (o) { r(this).wrapAll(e ? t.call(this, o) : i ? n.cloneNode(!0) : n) }) }, wrapAll: function (t) { if (this[0]) { r(this[0]).before(t = r(t)); for (var e; (e = t.children()).length;)t = e.first(); r(t).append(this) } return this }, wrapInner: function (t) { var e = Z(t); return this.each(function (n) { var i = r(this), o = i.contents(), s = e ? t.call(this, n) : t; o.length ? o.wrapAll(s) : i.append(s) }) }, unwrap: function () { return this.parent().each(function () { r(this).replaceWith(r(this).children()) }), this }, clone: function () { return this.map(function () { return this.cloneNode(!0) }) }, hide: function () { return this.css("display", "none") }, toggle: function (t) { return this.each(function () { var n = r(this); (t === e ? "none" == n.css("display") : t) ? n.show() : n.hide() }) }, prev: function (t) { return r(this.pluck("previousElementSibling")).filter(t || "*") }, next: function (t) { return r(this.pluck("nextElementSibling")).filter(t || "*") }, html: function (t) { return 0 in arguments ? this.each(function (e) { var n = this.innerHTML; r(this).empty().append(U(this, t, e, n)) }) : 0 in this ? this[0].innerHTML : null }, text: function (t) { return 0 in arguments ? this.each(function (e) { var n = U(this, t, e, this.textContent); this.textContent = null == n ? "" : "" + n }) : 0 in this ? this.pluck("textContent").join("") : null }, attr: function (t, r) { var i; return "string" != typeof t || 1 in arguments ? this.each(function (e) { if (1 === this.nodeType) if (q(t)) for (n in t) W(this, n, t[n]); else W(this, t, U(this, r, e, this.getAttribute(t))) }) : 0 in this && 1 == this[0].nodeType && null != (i = this[0].getAttribute(t)) ? i : e }, removeAttr: function (t) { return this.each(function () { 1 === this.nodeType && t.split(" ").forEach(function (t) { W(this, t) }, this) }) }, prop: function (t, e) { return t = L[t] || t, "string" != typeof t || 1 in arguments ? this.each(function (r) { if (q(t)) for (n in t) this[L[n] || n] = t[n]; else this[t] = U(this, e, r, this[t]) }) : this[0] && this[0][t] }, removeProp: function (t) { return t = L[t] || t, this.each(function () { delete this[t] }) }, data: function (t, n) { var r = "data-" + t.replace(v, "-$1").toLowerCase(), i = 1 in arguments ? this.attr(r, n) : this.attr(r); return null !== i ? K(i) : e }, val: function (t) { return 0 in arguments ? (null == t && (t = ""), this.each(function (e) { this.value = U(this, t, e, this.value) })) : this[0] && (this[0].multiple ? r(this[0]).find("option").filter(function () { return this.selected }).pluck("value") : this[0].value) }, offset: function (e) { if (e) return this.each(function (t) { var n = r(this), i = U(this, e, t, n.offset()), o = n.offsetParent().offset(), s = { top: i.top - o.top, left: i.left - o.left }; "static" == n.css("position") && (s.position = "relative"), n.css(s) }); if (!this.length) return null; if (a.documentElement !== this[0] && !r.contains(a.documentElement, this[0])) return { top: 0, left: 0 }; var n = this[0].getBoundingClientRect(); return { left: n.left + t.pageXOffset, top: n.top + t.pageYOffset, width: Math.round(n.width), height: Math.round(n.height) } }, css: function (t, e) { if (arguments.length < 2) { var i = this[0]; if ("string" == typeof t) { if (!i) return; return i.style[T(t)] || getComputedStyle(i, "").getPropertyValue(t) } if ($(t)) { if (!i) return; var o = {}, s = getComputedStyle(i, ""); return r.each(t, function (t, e) { o[e] = i.style[T(e)] || s.getPropertyValue(e) }), o } } var u = ""; if ("string" == k(t)) e || 0 === e ? u = B(t) + ":" + R(t, e) : this.each(function () { this.style.removeProperty(B(t)) }); else for (n in t) t[n] || 0 === t[n] ? u += B(n) + ":" + R(n, t[n]) + ";" : this.each(function () { this.style.removeProperty(B(n)) }); return this.each(function () { this.style.cssText += ";" + u }) }, index: function (t) { return t ? this.indexOf(r(t)[0]) : this.parent().children().indexOf(this[0]) }, hasClass: function (t) { return t ? o.some.call(this, function (t) { return this.test(G(t)) }, F(t)) : !1 }, addClass: function (t) { return t ? this.each(function (e) { if ("className" in this) { i = []; var n = G(this), o = U(this, t, e, n); o.split(/\s+/g).forEach(function (t) { r(this).hasClass(t) || i.push(t) }, this), i.length && G(this, n + (n ? " " : "") + i.join(" ")) } }) : this }, removeClass: function (t) { return this.each(function (n) { if ("className" in this) { if (t === e) return G(this, ""); i = G(this), U(this, t, n, i).split(/\s+/g).forEach(function (t) { i = i.replace(F(t), " ") }), G(this, i.trim()) } }) }, toggleClass: function (t, n) { return t ? this.each(function (i) { var o = r(this), s = U(this, t, i, G(this)); s.split(/\s+/g).forEach(function (t) { (n === e ? !o.hasClass(t) : n) ? o.addClass(t) : o.removeClass(t) }) }) : this }, scrollTop: function (t) { if (this.length) { var n = "scrollTop" in this[0]; return t === e ? n ? this[0].scrollTop : this[0].pageYOffset : this.each(n ? function () { this.scrollTop = t } : function () { this.scrollTo(this.scrollX, t) }) } }, scrollLeft: function (t) { if (this.length) { var n = "scrollLeft" in this[0]; return t === e ? n ? this[0].scrollLeft : this[0].pageXOffset : this.each(n ? function () { this.scrollLeft = t } : function () { this.scrollTo(t, this.scrollY) }) } }, position: function () { if (this.length) { var t = this[0], e = this.offsetParent(), n = this.offset(), i = g.test(e[0].nodeName) ? { top: 0, left: 0 } : e.offset(); return n.top -= parseFloat(r(t).css("margin-top")) || 0, n.left -= parseFloat(r(t).css("margin-left")) || 0, i.top += parseFloat(r(e[0]).css("border-top-width")) || 0, i.left += parseFloat(r(e[0]).css("border-left-width")) || 0, { top: n.top - i.top, left: n.left - i.left } } }, offsetParent: function () { return this.map(function () { for (var t = this.offsetParent || a.body; t && !g.test(t.nodeName) && "static" == r(t).css("position");)t = t.offsetParent; return t }) } }, r.fn.detach = r.fn.remove, ["width", "height"].forEach(function (t) { var n = t.replace(/./, function (t) { return t[0].toUpperCase() }); r.fn[t] = function (i) { var o, s = this[0]; return i === e ? j(s) ? s["inner" + n] : D(s) ? s.documentElement["scroll" + n] : (o = this.offset()) && o[t] : this.each(function (e) { s = r(this), s.css(t, U(this, i, e, s[t]())) }) } }), E.forEach(function (n, i) { var o = i % 2; r.fn[n] = function () { var n, u, s = r.map(arguments, function (t) { var i = []; return n = k(t), "array" == n ? (t.forEach(function (t) { return t.nodeType !== e ? i.push(t) : r.zepto.isZ(t) ? i = i.concat(t.get()) : void (i = i.concat(O.fragment(t))) }), i) : "object" == n || null == t ? t : O.fragment(t) }), f = this.length > 1; return s.length < 1 ? this : this.each(function (e, n) { u = o ? n : n.parentNode, n = 0 == i ? n.nextSibling : 1 == i ? n.firstChild : 2 == i ? n : null; var c = r.contains(a.documentElement, u); s.forEach(function (e) { if (f) e = e.cloneNode(!0); else if (!u) return r(e).remove(); u.insertBefore(e, n), c && Q(e, function (e) { if (!(null == e.nodeName || "SCRIPT" !== e.nodeName.toUpperCase() || e.type && "text/javascript" !== e.type || e.src)) { var n = e.ownerDocument ? e.ownerDocument.defaultView : t; n.eval.call(n, e.innerHTML) } }) }) }) }, r.fn[o ? n + "To" : "insert" + (i ? "Before" : "After")] = function (t) { return r(t)[n](this), this } }), O.Z.prototype = X.prototype = r.fn, O.uniq = P, O.deserializeValue = K, r.zepto = O, r }(); return t.Zepto = e, void 0 === t.goq && (t.goq = e), function (e) { function h(t) { return t._zid || (t._zid = n++) } function p(t, e, n, r) { if (e = d(e), e.ns) var i = m(e.ns); return (u[h(t)] || []).filter(function (t) { return t && (!e.e || t.e == e.e) && (!e.ns || i.test(t.ns)) && (!n || h(t.fn) === h(n)) && (!r || t.sel == r) }) } function d(t) { var e = ("" + t).split("."); return { e: e[0], ns: e.slice(1).sort().join(" ") } } function m(t) { return new RegExp("(?:^| )" + t.replace(" ", " .* ?") + "(?: |$)") } function g(t, e) { return t.del && !a && t.e in c || !!e } function v(t) { return l[t] || a && c[t] || t } function y(t, n, i, o, s, f, a) { var c = h(t), p = u[c] || (u[c] = []); n.split(/\s/).forEach(function (n) { if ("ready" == n) return e(document).ready(i); var u = d(n); u.fn = i, u.sel = s, u.e in l && (i = function (t) { var n = t.relatedTarget; return !n || n !== this && !e.contains(this, n) ? u.fn.apply(this, arguments) : void 0 }), u.del = f; var c = f || i; u.proxy = function (e) { if (e = C(e), !e.isImmediatePropagationStopped()) { e.data = o; var n = c.apply(t, e._args == r ? [e] : [e].concat(e._args)); return n === !1 && (e.preventDefault(), e.stopPropagation()), n } }, u.i = p.length, p.push(u), "addEventListener" in t && t.addEventListener(v(u.e), u.proxy, g(u, a)) }) } function E(t, e, n, r, i) { var o = h(t); (e || "").split(/\s/).forEach(function (e) { p(t, e, n, r).forEach(function (e) { delete u[o][e.i], "removeEventListener" in t && t.removeEventListener(v(e.e), e.proxy, g(e, i)) }) }) } function C(t, n) { if (n || !t.isDefaultPrevented) { n || (n = t), e.each(N, function (e, r) { var i = n[e]; t[e] = function () { return this[r] = b, i && i.apply(n, arguments) }, t[r] = w }); try { t.timeStamp || (t.timeStamp = Date.now()) } catch (i) { } (n.defaultPrevented !== r ? n.defaultPrevented : "returnValue" in n ? n.returnValue === !1 : n.getPreventDefault && n.getPreventDefault()) && (t.isDefaultPrevented = b) } return t } function S(t) { var e, n = { originalEvent: t }; for (e in t) x.test(e) || t[e] === r || (n[e] = t[e]); return C(n, t) } var r, n = 1, i = Array.prototype.slice, o = e.isFunction, s = function (t) { return "string" == typeof t }, u = {}, f = {}, a = "onfocusin" in t, c = { focus: "focusin", blur: "focusout" }, l = { mouseenter: "mouseover", mouseleave: "mouseout" }; f.click = f.mousedown = f.mouseup = f.mousemove = "MouseEvents", e.event = { add: y, remove: E }, e.proxy = function (t, n) { var r = 2 in arguments && i.call(arguments, 2); if (o(t)) { var u = function () { return t.apply(n, r ? r.concat(i.call(arguments)) : arguments) }; return u._zid = h(t), u } if (s(n)) return r ? (r.unshift(t[n], t), e.proxy.apply(null, r)) : e.proxy(t[n], t); throw new TypeError("expected function") }, e.fn.bind = function (t, e, n) { return this.on(t, e, n) }, e.fn.unbind = function (t, e) { return this.off(t, e) }, e.fn.one = function (t, e, n, r) { return this.on(t, e, n, r, 1) }; var b = function () { return !0 }, w = function () { return !1 }, x = /^([A-Z]|returnValue$|layer[XY]$|webkitMovement[XY]$)/, N = { preventDefault: "isDefaultPrevented", stopImmediatePropagation: "isImmediatePropagationStopped", stopPropagation: "isPropagationStopped" }; e.fn.delegate = function (t, e, n) { return this.on(e, t, n) }, e.fn.undelegate = function (t, e, n) { return this.off(e, t, n) }, e.fn.live = function (t, n) { return e(document.body).delegate(this.selector, t, n), this }, e.fn.die = function (t, n) { return e(document.body).undelegate(this.selector, t, n), this }, e.fn.on = function (t, n, u, f, a) { var c, l, h = this; return t && !s(t) ? (e.each(t, function (t, e) { h.on(t, n, u, e, a) }), h) : (s(n) || o(f) || f === !1 || (f = u, u = n, n = r), (f === r || u === !1) && (f = u, u = r), f === !1 && (f = w), h.each(function (r, o) { a && (c = function (t) { return E(o, t.type, f), f.apply(this, arguments) }), n && (l = function (t) { var r, s = e(t.target).closest(n, o).get(0); return s && s !== o ? (r = e.extend(S(t), { currentTarget: s, liveFired: o }), (c || f).apply(s, [r].concat(i.call(arguments, 1)))) : void 0 }), y(o, t, f, u, n, l || c) })) }, e.fn.off = function (t, n, i) { var u = this; return t && !s(t) ? (e.each(t, function (t, e) { u.off(t, n, e) }), u) : (s(n) || o(i) || i === !1 || (i = n, n = r), i === !1 && (i = w), u.each(function () { E(this, t, i, n) })) }, e.fn.trigger = function (t, n) { return t = s(t) || e.isPlainObject(t) ? e.Event(t) : C(t), t._args = n, this.each(function () { t.type in c && "function" == typeof this[t.type] ? this[t.type]() : "dispatchEvent" in this ? this.dispatchEvent(t) : e(this).triggerHandler(t, n) }) }, e.fn.triggerHandler = function (t, n) { var r, i; return this.each(function (o, u) { r = S(s(t) ? e.Event(t) : t), r._args = n, r.target = u, e.each(p(u, t.type || t), function (t, e) { return i = e.proxy(r), r.isImmediatePropagationStopped() ? !1 : void 0 }) }), i }, "focusin focusout focus blur load resize scroll unload click dblclick mousedown mouseup mousemove mouseover mouseout mouseenter mouseleave change select keydown keypress keyup error".split(" ").forEach(function (t) { e.fn[t] = function (e) { return 0 in arguments ? this.bind(t, e) : this.trigger(t) } }), e.Event = function (t, e) { s(t) || (e = t, t = e.type); var n = document.createEvent(f[t] || "Events"), r = !0; if (e) for (var i in e) "bubbles" == i ? r = !!e[i] : n[i] = e[i]; return n.initEvent(t, r, !0), C(n) } }(e), function () { try { getComputedStyle(void 0) } catch (e) { var n = getComputedStyle; t.getComputedStyle = function (t, e) { try { return n(t, e) } catch (r) { return null } } } }(), function (t) { function i(e) { return e = t(e), !(!e.width() && !e.height()) && "none" !== e.css("display") } function a(t, e) { t = t.replace(/=#\]/g, '="#"]'); var n, r, i = s.exec(t); if (i && i[2] in o && (n = o[i[2]], r = i[3], t = i[1], r)) { var u = Number(r); r = isNaN(u) ? r.replace(/^["']|["']$/g, "") : u } return e(t, n, r) } var e = t.zepto, n = e.qsa, r = e.matches, o = t.expr[":"] = { visible: function () { return i(this) ? this : void 0 }, hidden: function () { return i(this) ? void 0 : this }, selected: function () { return this.selected ? this : void 0 }, checked: function () { return this.checked ? this : void 0 }, parent: function () { return this.parentNode }, first: function (t) { return 0 === t ? this : void 0 }, last: function (t, e) { return t === e.length - 1 ? this : void 0 }, eq: function (t, e, n) { return t === n ? this : void 0 }, contains: function (e, n, r) { return t(this).text().indexOf(r) > -1 ? this : void 0 }, has: function (t, n, r) { return e.qsa(this, r).length ? this : void 0 } }, s = new RegExp("(.*):(\\w+)(?:\\(([^)]+)\\))?$\\s*"), u = /^\s*>/, f = "Zepto" + +new Date; e.qsa = function (r, i) { return a(i, function (o, s, a) { try { var c; !o && s ? o = "*" : u.test(o) && (c = t(r).addClass(f), o = "." + f + " " + o); var l = n(r, o) } catch (h) { throw console.error("error performing selector: %o", i), h } finally { c && c.removeClass(f) } return s ? e.uniq(t.map(l, function (t, e) { return s.call(t, e, l, a) })) : l }) }, e.matches = function (t, e) { return a(e, function (e, n, i) { return (!e || r(t, e)) && (!n || n.call(t, null, i) === t) }) } }(e), function (t) { String.prototype.trim === t && (String.prototype.trim = function () { return this.replace(/^\s+|\s+$/g, "") }), Array.prototype.reduce === t && (Array.prototype.reduce = function (e) { if (void 0 === this || null === this) throw new TypeError; var o, n = Object(this), r = n.length >>> 0, i = 0; if ("function" != typeof e) throw new TypeError; if (0 == r && 1 == arguments.length) throw new TypeError; if (arguments.length >= 2) o = arguments[1]; else for (; ;) { if (i in n) { o = n[i++]; break } if (++i >= r) throw new TypeError } for (; r > i;)i in n && (o = e.call(t, o, n[i], i, n)), i++; return o }) }(), e });


        /*
        #
        #
        #
        #
        #
        #
        #
        #
        */

        function pollForData(dataFunction, callbackFunc) {
          var elapsed = 0;
          var interval = 100;
          var timeOut = 30000;

          function safeDataFunction() {
            try {
              if (typeof dataFunction() !== 'undefined') {
                return true;
              }
            } catch (_unused) {
              return false;
            }
          }

          var elemInterval = window.setInterval(function () {
            elapsed += interval;

            if (safeDataFunction() || elapsed >= timeOut) {
              window.clearInterval(elemInterval);

              if (safeDataFunction()) {
                callbackFunc();
              }
            }
          }, interval);
        }
        function pollElementsBySelector(selector, func) {
          var elapsed = 0;
          var interval = 100;
          var timeOut = 30000;
          var foundElems = document.querySelectorAll(selector);

          if (foundElems.length) {
            func(foundElems[0]);
          } else {
            var elemInterval = window.setInterval(function () {
              elapsed += interval;
              foundElems = document.querySelectorAll(selector);

              if (foundElems.length || elapsed >= timeOut) {
                window.clearInterval(elemInterval);

                if (foundElems.length) {
                  func(foundElems[0]);
                }
              }
            }, interval);
          }
        }
        function goMutationObserve(targetNodeQuerySelector, callbackFunction, name, config = { characterData: true, childList: true }) {

          if (!document.querySelector(targetNodeQuerySelector)) {
            return;
          }
          // Select the node that will be observed for mutations and apply it with a unique name suffix so it can be removed.
          try {
            window[name] = new MutationObserver(callbackFunction);
            // Create an observer instance linked to the callback function
            window[name].observe(document.querySelector(targetNodeQuerySelector), config);
          }
          catch (error) {
            setTimeout(function () {
              window[name] = new MutationObserver(callbackFunction);
              // Create an observer instance linked to the callback function

              window[name].observe(document.querySelector(targetNodeQuerySelector), config);

            },
              1000);
          }

        }
        function goMutationObserverDisconnect(name) {
          if (window[name] && window[name].disconnect) {
            window[name].disconnect();
          }
        }



        /*
        #
        #
        #
        #
        #
        #
        #
        #
        */



        pollElementsBySelector('footer', () => {

          // starting mutation observers
          goMutationObserverDisconnect('observer_CUSTOM_MAINNAVIGATIONCHANGED');
          goMutationObserve(
            '#coles-targeting-header-container .coles-targeting-HeaderHeaderContainer ul.coles-targeting-HeaderHeaderBottomLocationWrapper', //element to monitor
            (e) => {
              e.forEach((mutation) => {




                if (
                  //safety captures
                  mutation.type === 'childList' &&
                  mutation.addedNodes[0] &&
                  mutation.addedNodes[0].tagName == "LI"

                ) {
                  // console.log('successf',mutation);

                  if (typeof customAdobeTargetEvent_CUSTOM_MAINNAVIGATIONCHANGED !== 'object') {
                    //this event hasn't been registered yet - go ahead and register a new event to dispatch
                    var customAdobeTargetEvent_CUSTOM_MAINNAVIGATIONCHANGED = new Event('customAdobeTargetEvent_CUSTOM_MAINNAVIGATIONCHANGED');
                  }
                  document.dispatchEvent(customAdobeTargetEvent_CUSTOM_MAINNAVIGATIONCHANGED);


                  window.adobe.target.triggerView('CUSTOM_MAINNAVIGATIONCHANGED', { page: false });
                  // console.log('successmu',mutation);
                }
                else {
                  // console.log('unsuccessmu',mutation);
                }

              });
            },
            'observer_CUSTOM_MAINNAVIGATIONCHANGED',
            { childList: true, subtree: true }
          );

          goMutationObserverDisconnect('observer_CUSTOM_MENU_ACCOUNTDROPDOWN');
          goMutationObserve(
            'body', //element to monitor
            (e) => {
              e.forEach((mutation) => {


                if (
                  //safety captures
                  mutation.type === 'childList' &&
                  mutation.addedNodes[0] &&


                  mutation.addedNodes[0]['classList'] &&
                  mutation.addedNodes[0]['classList'].length > 0 &&

                  //parent element matched any of these
                  // mutation.addedNodes[0]['classList'].contains('MuiModal-root', 'MuiDrawer-root', 'MuiDrawer-modal') &&

                  //parent element matches all of these
                  // (mutation.addedNodes[0]['classList'].contains('MuiModal-root') &&
                  //   mutation.addedNodes[0]['classList'].contains('MuiDrawer-root') &&
                  //   mutation.addedNodes[0]['classList'].contains('MuiDrawer-modal')) &&

                  //Search nested child element for your element/s
                  (
                    // mutation.addedNodes[0].querySelectorAll("#mobile-categories-navlist").length > 0 //the 'shop all category' menu on mobile
                    // ||
                    mutation.addedNodes[0].querySelectorAll("#account-popover.coles-targeting-AccountDropdownPopover .account-links-container[data-testid='account-dropdown']").length > 0
                    ||
                    mutation.addedNodes[0].matches("#account-popover.coles-targeting-AccountDropdownPopover .account-links-container[data-testid='account-dropdown']")
                  )
                ) {


                  if (typeof customAdobeTargetEvent_CUSTOM_MENU_ACCOUNTDROPDOWN !== 'object') {
                    //this event hasn't been registered yet - go ahead and register a new event to dispatch
                    var customAdobeTargetEvent_CUSTOM_MENU_ACCOUNTDROPDOWN = new Event('customAdobeTargetEvent_CUSTOM_MENU_ACCOUNTDROPDOWN');
                  }
                  document.dispatchEvent(customAdobeTargetEvent_CUSTOM_MENU_ACCOUNTDROPDOWN);

                  window.adobe.target.triggerView('CUSTOM_MENU_ACCOUNTDROPDOWN');
                  // console.log('CUSTOM_MENU_ACCOUNTDROPDOWN');


                }
                else {

                }
              });
            },
            'observer_CUSTOM_MENU_ACCOUNTDROPDOWN',
            { childList: true, subtree: true }
          );

          goMutationObserverDisconnect('observer_CUSTOM_MENU_BRANDSWITCHER');
          goMutationObserve(
            'body', //element to monitor
            (e) => {
              e.forEach((mutation) => {


                if (
                  //safety captures
                  mutation.type === 'childList' &&
                  mutation.addedNodes[0] &&


                  mutation.addedNodes[0]['classList'] &&
                  mutation.addedNodes[0]['classList'].length > 0 &&

                  //parent element matched any of these
                  // mutation.addedNodes[0]['classList'].contains('MuiModal-root', 'MuiDrawer-root', 'MuiDrawer-modal') &&

                  //parent element matches all of these
                  // (mutation.addedNodes[0]['classList'].contains('MuiModal-root') &&
                  //   mutation.addedNodes[0]['classList'].contains('MuiDrawer-root') &&
                  //   mutation.addedNodes[0]['classList'].contains('MuiDrawer-modal')) &&

                  //Search nested child element for your element/s
                  (
                    // mutation.addedNodes[0].querySelectorAll("#mobile-categories-navlist").length > 0 //the 'shop all category' menu on mobile
                    // ||
                    mutation.addedNodes[0].querySelectorAll("[data-testid='brand-switcher-content']").length > 0 //the mobile menu triggered.
                    ||
                    mutation.addedNodes[0].matches("[data-testid='brand-switcher-content']") //the mobile menu returned into view.
                  )
                ) {



                  if (typeof customAdobeTargetEvent_CUSTOM_MENU_BRANDSWITCHER !== 'object') {
                    //this event hasn't been registered yet - go ahead and register a new event to dispatch
                    var customAdobeTargetEvent_CUSTOM_MENU_BRANDSWITCHER = new Event('customAdobeTargetEvent_CUSTOM_MENU_BRANDSWITCHER');
                  }
                  document.dispatchEvent(customAdobeTargetEvent_CUSTOM_MENU_BRANDSWITCHER);

                  window.adobe.target.triggerView('CUSTOM_MENU_BRANDSWITCHER');


                }
                else {

                }
              });
            },
            'observer_CUSTOM_MENU_BRANDSWITCHER',
            { childList: true, subtree: true }
          );

          goMutationObserverDisconnect('observer_CUSTOM_MENU_SHOPALLOPEN');
          goMutationObserve(
            'body', //element to monitor
            (e) => {
              e.forEach((mutation) => {


                if (
                  //safety captures
                  mutation.type === 'childList' &&
                  mutation.addedNodes[0] &&


                  mutation.addedNodes[0]['classList'] &&
                  mutation.addedNodes[0]['classList'].length > 0 &&

                  //parent element matched any of these
                  // mutation.addedNodes[0]['classList'].contains('MuiModal-root', 'MuiDrawer-root', 'MuiDrawer-modal') &&

                  //parent element matches all of these
                  // (mutation.addedNodes[0]['classList'].contains('MuiModal-root') &&
                  //   mutation.addedNodes[0]['classList'].contains('MuiDrawer-root') &&
                  //   mutation.addedNodes[0]['classList'].contains('MuiDrawer-modal')) &&

                  //Search nested child element for your element/s
                  (
                    mutation.addedNodes[0].querySelectorAll("#mobile-categories-navlist").length > 0 //the 'shop all category' menu on mobile
                    ||
                    mutation.addedNodes[0].querySelectorAll("#categories-navlist").length > 0 //the 'shop all category' menu on mobile
                    // mutation.addedNodes[0].querySelectorAll("[data-testid='header-drawer-menu-items']").length > 0 //the mobile menu triggered.
                    // ||
                    // mutation.addedNodes[0].matches("[data-testid='header-drawer-menu-items']") //the mobile menu returned into view.
                  )
                ) {

                  if (typeof customAdobeTargetEvent_CUSTOM_MENU_SHOPALLOPEN !== 'object') {
                    //this event hasn't been registered yet - go ahead and register a new event to dispatch
                    var customAdobeTargetEvent_CUSTOM_MENU_SHOPALLOPEN = new Event('customAdobeTargetEvent_CUSTOM_MENU_SHOPALLOPEN');
                  }
                  document.dispatchEvent(customAdobeTargetEvent_CUSTOM_MENU_SHOPALLOPEN);

                  window.adobe.target.triggerView('CUSTOM_MENU_SHOPALLOPEN');


                }
                else {

                }
              });
            },
            'observer_CUSTOM_MENU_SHOPALLOPEN',
            { childList: true, subtree: true }
          );

          goMutationObserverDisconnect('observer_CUSTOM_MOBILEMENUPANELOPEN');
          goMutationObserve(
            'body', //element to monitor
            (e) => {
              e.forEach((mutation) => {


                if (
                  //safety captures
                  mutation.type === 'childList' &&
                  mutation.addedNodes[0] &&


                  mutation.addedNodes[0]['classList'] &&
                  mutation.addedNodes[0]['classList'].length > 0 &&

                  //parent element matched any of these
                  // mutation.addedNodes[0]['classList'].contains('MuiModal-root', 'MuiDrawer-root', 'MuiDrawer-modal') &&

                  //parent element matches all of these
                  // (mutation.addedNodes[0]['classList'].contains('MuiModal-root') &&
                  //   mutation.addedNodes[0]['classList'].contains('MuiDrawer-root') &&
                  //   mutation.addedNodes[0]['classList'].contains('MuiDrawer-modal')) &&

                  //Search nested child element for your element/s
                  (
                    // mutation.addedNodes[0].querySelectorAll("#mobile-categories-navlist").length > 0 //the 'shop all category' menu on mobile
                    // ||
                    mutation.addedNodes[0].querySelectorAll("[data-testid='header-drawer-menu-items']").length > 0 //the mobile menu triggered.
                    ||
                    mutation.addedNodes[0].matches("[data-testid='header-drawer-menu-items']") //the mobile menu returned into view.
                  )
                ) {


                  if (typeof customAdobeTargetEvent_CUSTOM_MOBILEMENUPANELOPEN !== 'object') {
                    //this event hasn't been registered yet - go ahead and register a new event to dispatch
                    var customAdobeTargetEvent_CUSTOM_MOBILEMENUPANELOPEN = new Event('customAdobeTargetEvent_CUSTOM_MOBILEMENUPANELOPEN');
                  }
                  document.dispatchEvent(customAdobeTargetEvent_CUSTOM_MOBILEMENUPANELOPEN);

                  window.adobe.target.triggerView('CUSTOM_MOBILEMENUPANELOPEN');


                }
                else {

                }
              });
            },
            'observer_CUSTOM_MOBILEMENUPANELOPEN',
            { childList: true, subtree: true }
          );

          goMutationObserverDisconnect('observer_CUSTOM_SHOPPINGMETHODSUMMARY');
          goMutationObserve(
            'body', //element to monitor
            (e) => {
              e.forEach((mutation) => {


                if (
                  //safety captures
                  mutation.type === 'childList' &&
                  mutation.addedNodes[0] &&


                  mutation.addedNodes[0]['classList'] &&
                  mutation.addedNodes[0]['classList'].length > 0 &&

                  //parent element matched any of these
                  // mutation.addedNodes[0]['classList'].contains('MuiModal-root', 'MuiDrawer-root', 'MuiDrawer-modal') &&

                  //parent element matches all of these
                  // (mutation.addedNodes[0]['classList'].contains('MuiModal-root') &&
                  //   mutation.addedNodes[0]['classList'].contains('MuiDrawer-root') &&
                  //   mutation.addedNodes[0]['classList'].contains('MuiDrawer-modal')) &&

                  //Search nested child element for your element/s
                  (
                    // mutation.addedNodes[0].querySelectorAll("#mobile-categories-navlist").length > 0 //the 'shop all category' menu on mobile
                    // ||
                    mutation.addedNodes[0].querySelectorAll(".coles-targeting-PopperContent [data-testid='shopping-method-summary']").length > 0 //the mobile menu triggered.
                    ||
                    mutation.addedNodes[0].matches(".coles-targeting-PopperContent [data-testid='shopping-method-summary']") //the mobile menu returned into view.
                  )
                ) {


                  if (typeof customAdobeTargetEvent_CUSTOM_SHOPPINGMETHODSUMMARY !== 'object') {
                    //this event hasn't been registered yet - go ahead and register a new event to dispatch
                    var customAdobeTargetEvent_CUSTOM_SHOPPINGMETHODSUMMARY = new Event('customAdobeTargetEvent_CUSTOM_SHOPPINGMETHODSUMMARY');
                  }
                  document.dispatchEvent(customAdobeTargetEvent_CUSTOM_SHOPPINGMETHODSUMMARY);

                  window.adobe.target.triggerView('CUSTOM_SHOPPINGMETHODSUMMARY');
                }
                else {

                }
              });
            },
            'observer_CUSTOM_SHOPPINGMETHODSUMMARY',
            { childList: true, subtree: true }
          );

          goMutationObserverDisconnect('observer_CUSTOM_TROLLEYVIEW');
          goMutationObserve(
            'body', //element to monitor
            (e) => {
              e.forEach((mutation) => {


                if (
                  //safety captures
                  mutation.type === 'childList' &&
                  mutation.addedNodes[0] &&


                  mutation.addedNodes[0]['classList'] &&
                  mutation.addedNodes[0]['classList'].length > 0 &&

                  //parent element matched any of these
                  // mutation.addedNodes[0]['classList'].contains('MuiModal-root', 'MuiDrawer-root', 'MuiDrawer-modal') &&

                  //parent element matches all of these
                  // (mutation.addedNodes[0]['classList'].contains('MuiModal-root') &&
                  //   mutation.addedNodes[0]['classList'].contains('MuiDrawer-root') &&
                  //   mutation.addedNodes[0]['classList'].contains('MuiDrawer-modal')) &&

                  //Search nested child element for your element/s
                  (
                    // mutation.addedNodes[0].querySelectorAll("#mobile-categories-navlist").length > 0 //the 'shop all category' menu on mobile
                    // ||
                    mutation.addedNodes[0].querySelectorAll("[data-testid='trolley-drawer-content']").length > 0 //the mobile menu triggered.
                    ||
                    mutation.addedNodes[0].matches("[data-testid='trolley-drawer-content']") //the mobile menu returned into view.
                  )
                ) {



                  if (typeof customAdobeTargetEvent_CUSTOM_TROLLEYVIEW !== 'object') {
                    //this event hasn't been registered yet - go ahead and register a new event to dispatch
                    var customAdobeTargetEvent_CUSTOM_TROLLEYVIEW = new Event('customAdobeTargetEvent_CUSTOM_TROLLEYVIEW');
                  }
                  document.dispatchEvent(customAdobeTargetEvent_CUSTOM_TROLLEYVIEW);

                  window.adobe.target.triggerView('CUSTOM_TROLLEYVIEW');


                }
                else {

                }
              });
            },
            'observer_CUSTOM_TROLLEYVIEW',
            { childList: true, subtree: true }
          );

          goMutationObserverDisconnect('observer_CUSTOM_SLOTSELECTOR');
          goMutationObserve(
            'body', //element to monitor
            (e) => {
              e.forEach((mutation) => {


                if (
                  //safety captures
                  mutation.type === 'childList' &&
                  mutation.addedNodes[0] &&


                  mutation.addedNodes[0]['classList'] &&
                  mutation.addedNodes[0]['classList'].length > 0 &&

                  //parent element matched any of these
                  // mutation.addedNodes[0]['classList'].contains('MuiModal-root', 'MuiDrawer-root', 'MuiDrawer-modal') &&

                  //parent element matches all of these
                  // (mutation.addedNodes[0]['classList'].contains('MuiModal-root') &&
                  //   mutation.addedNodes[0]['classList'].contains('MuiDrawer-root') &&
                  //   mutation.addedNodes[0]['classList'].contains('MuiDrawer-modal')) &&

                  //Search nested child element for your element/s
                  (
                    mutation.addedNodes[0].querySelectorAll("#drawer-body [data-testid='slot-delivery-date-selector-container']").length > 0 //the 'shop all category' menu on mobile
                    // ||
                    // mutation.addedNodes[0].querySelectorAll("[data-testid='trolley-drawer-content']").length > 0 //the mobile menu triggered.
                    // ||
                    // mutation.addedNodes[0].matches("#drawer-body [data-testid='slot-delivery-date-selector-container']")
                  )
                ) {



                  if (typeof customAdobeTargetEvent_CUSTOM_SLOTSELECTOR !== 'object') {
                    //this event hasn't been registered yet - go ahead and register a new event to dispatch
                    var customAdobeTargetEvent_CUSTOM_SLOTSELECTOR = new Event('customAdobeTargetEvent_CUSTOM_SLOTSELECTOR');
                  }
                  document.dispatchEvent(customAdobeTargetEvent_CUSTOM_SLOTSELECTOR);
                  window.adobe.target.triggerView('CUSTOM_SLOTSELECTOR');


                }
                else {

                }
              });
            },
            'observer_CUSTOM_SLOTSELECTOR',
            { childList: true, subtree: true }
          );

          goMutationObserverDisconnect('observer_CUSTOM_SHOPPING_METHOD');
          goMutationObserve(
            'body', //element to monitor
            (e) => {
              e.forEach((mutation) => {


                if (
                  //safety captures
                  mutation.type === 'childList' &&
                  mutation.addedNodes[0] &&


                  mutation.addedNodes[0]['classList'] &&
                  mutation.addedNodes[0]['classList'].length > 0 &&

                  //parent element matched any of these
                  // mutation.addedNodes[0]['classList'].contains('MuiModal-root', 'MuiDrawer-root', 'MuiDrawer-modal') &&

                  //parent element matches all of these
                  // (mutation.addedNodes[0]['classList'].contains('MuiModal-root') &&
                  //   mutation.addedNodes[0]['classList'].contains('MuiDrawer-root') &&
                  //   mutation.addedNodes[0]['classList'].contains('MuiDrawer-modal')) &&

                  //Search nested child element for your element/s
                  (
                    mutation.addedNodes[0].querySelectorAll("#drawer-body #shopping-method-tab-0").length > 0 //the 'shop all category' menu on mobile
                    // ||
                    // mutation.addedNodes[0].querySelectorAll("[data-testid='trolley-drawer-content']").length > 0 //the mobile menu triggered.
                    // ||
                    // mutation.addedNodes[0].matches("#drawer-body #shopping-method-tab-0")
                  )
                ) {



                  if (typeof customAdobeTargetEvent_CUSTOM_SHOPPING_METHOD !== 'object') {
                    //this event hasn't been registered yet - go ahead and register a new event to dispatch
                    var customAdobeTargetEvent_CUSTOM_SHOPPING_METHOD = new Event('customAdobeTargetEvent_CUSTOM_SHOPPING_METHOD');
                  }
                  document.dispatchEvent(customAdobeTargetEvent_CUSTOM_SHOPPING_METHOD);
                  window.adobe.target.triggerView('CUSTOM_SHOPPING_METHOD');

                }
                else {

                }
              });
            },
            'observer_CUSTOM_SHOPPING_METHOD',
            { childList: true, subtree: true }
          );

          goMutationObserverDisconnect('observer_CUSTOM_SEARCH_INTERFACE');
          goMutationObserve(
            'body', //element to monitor
            (e) => {
              e.forEach((mutation) => {


                if (
                  //safety captures
                  mutation.type === 'childList' &&
                  mutation.addedNodes[0] &&


                  mutation.addedNodes[0]['classList'] &&
                  mutation.addedNodes[0]['classList'].length > 0 &&

                  //parent element matched any of these
                  // mutation.addedNodes[0]['classList'].contains('MuiModal-root', 'MuiDrawer-root', 'MuiDrawer-modal') &&

                  //parent element matches all of these
                  // (mutation.addedNodes[0]['classList'].contains('MuiModal-root') &&
                  //   mutation.addedNodes[0]['classList'].contains('MuiDrawer-root') &&
                  //   mutation.addedNodes[0]['classList'].contains('MuiDrawer-modal')) &&

                  //Search nested child element for your element/s
                  (
                    // mutation.addedNodes[0].querySelectorAll("#mobile-categories-navlist").length > 0 //the 'shop all category' menu on mobile
                    // ||
                    mutation.addedNodes[0].querySelectorAll("[data-testid='search-box-menu']").length > 0
                  )
                ) {


                  if (typeof customAdobeTargetEvent_CUSTOM_SEARCH_INTERFACE !== 'object') {
                    //this event hasn't been registered yet - go ahead and register a new event to dispatch
                    var customAdobeTargetEvent_CUSTOM_SEARCH_INTERFACE = new Event('customAdobeTargetEvent_CUSTOM_SEARCH_INTERFACE');
                  }
                  document.dispatchEvent(customAdobeTargetEvent_CUSTOM_SEARCH_INTERFACE);

                  window.adobe.target.triggerView('CUSTOM_SEARCH_INTERFACE');


                }
                else {

                }
              });
            },
            'observer_CUSTOM_SEARCH_INTERFACE',
            { childList: true, subtree: true }
          );


          document.addEventListener('customAdobeTargetEvent_colesGlobalExports', function () {
            colesGlobalExports.events.onRouteChange((e) => {
              if (typeof customAdobeTargetEvent_CUSTOM_onRouteChange !== 'object') {
                //this event hasn't been registered yet - go ahead and register a new event to dispatch
                window['customAdobeTargetEvent_CUSTOM_onRouteChange'] = new Event('customAdobeTargetEvent_CUSTOM_onRouteChange');
              }
              document.dispatchEvent(customAdobeTargetEvent_CUSTOM_onRouteChange);
            });
          });


          function waitForcolesGlobalExports() {
            //colesGlobalExports variable exists
            if (typeof colesGlobalExports !== 'undefined') {
              if (typeof customAdobeTargetEvent_colesGlobalExports !== 'object') {
                //this event hasn't been registered yet - go ahead and register a new event to dispatch
                window['customAdobeTargetEvent_colesGlobalExports'] = new Event('customAdobeTargetEvent_colesGlobalExports');
              }
              document.dispatchEvent(customAdobeTargetEvent_colesGlobalExports);

            } else {
              setTimeout(waitForcolesGlobalExports, 50);
            }
          }



          function waitForGOQ() {
            //goq variable exists
            if (typeof goq !== 'undefined') {
              if (typeof goqready !== 'object') {
                //this event hasn't been registered yet - go ahead and register a new event to dispatch
                window['goqready'] = new Event('goqready');
              }
              document.dispatchEvent(goqready);
              waitForcolesGlobalExports();

            } else {
              setTimeout(waitForGOQ, 50);
            }
          }
          waitForGOQ();



        })();





      } catch (error) {

      }
    }
    else {
      var list = document.querySelectorAll('.goq');
      if (list.length && list.length > 1) {
        lastInput = list.length ? list[list.length - 1] : null;
        try {
          lastInput.remove();
        } catch (error) {
        }
      }
    }
  </script>
  <style>
    .go1319Active #go1319-main-container {
      display: block;
    }

    #go1319-main-container {
      border: 1px solid #E0E0E0;
      border-radius: 8px;
      display: none;
    }

    #go1319-content-container {
      display: flex;
      flex-direction: column;
      -webkit-box-pack: justify;
      justify-content: space-between;
      height: 100%;
      padding-bottom: 6px;
      position: relative;
    }

    #go1319-text-container {
      padding: 1.5rem 1rem;
      flex: 1 1 auto;
    }

    #go1319-logo-container img.lifestyleImage {
      width: 100%;
      height: 239px;
      border-radius: 8px 8px 0 0;
      object-fit: cover;
      object-position: right top;
    }

    #go1319-text-container h4 {
      font-family: "AvantGardeGothic", Arial, sans-serif;
      font-style: normal;
      font-weight: 500;
      font-size: 1rem;
      line-height: 22px;
      color: #212121;
    }

    #go1319-text-container p {
      font-family: SourceSansPro-Regular, Helvetica, Arial, sans-serif;
      font-style: normal;
      font-weight: 400;
      font-size: 14px;
      line-height: 20px;
    }

    #go1319-cta-container {
      padding: 10px;
    }

    #go1319-cta-container a {
      font-style: normal;
      font-weight: 600;
      font-size: 16px;
      line-height: 20px;
      border: 1px solid #E0E0E0;
      background: #fff;
      padding: 9px 19px;
      border-radius: 100px;
      display: block;
      text-align: center;
      font-family: "SourceSansPro-SemiBold", "Lucida Sans", sans-serif;
      color: #212121;
    }

    #go1319-cta-container a:hover {
      background-color: #E01A22;
      border-color: #E01A22;
      color: #FFFFFF;
    }

    #go1319-main-container:hover {
      border-width: 1px;
      border-style: solid;
      border-image: initial;
      border-color: #E0E0E0;
      border-radius: 8px;
      box-shadow: 0px 8px 16px rgba(33, 33, 33, 0.12);
    }

    #go1319-main-container:hover #go1319-cta-container a {
      background-color: #E01A22;
      border-color: #E01A22;
      color: #FFFFFF;
    }

    .go1319-tclink {
      text-decoration: underline;
    }

    #go1319-logo-container {
      line-height: 0;
      text-align: center;
      height: 239px;
      display: flex;
      align-items: center;
      justify-content: center;
      background: url(https://www.coles.com.au/content/dam/coles/cusp/coles-finest/background-476x240.jpg);
      background-size: cover;
      background-position: right;
      border-radius: 10px 10px 0 0;
    }

    img.productImage {
      max-width: 100%;
    }

    .go1327Roundel {
      position: absolute;
      top: 14px;
      left: 14px;
      z-index: 1;
      display: flex;
      flex-direction: column;
      -webkit-box-align: center;
      align-items: center;
      -webkit-box-pack: center;
      justify-content: center;
      text-transform: uppercase;
      background-color: #FFFFFF;
      width: 3.875rem;
      height: 3.875rem;
      border-width: 0.375rem;
      border-style: solid;
      border-image: initial;
      color: #212121;
      border-color: #E01A22;
      box-shadow: 0px 0px 0px 0.125rem #FFFFFF;
      border-radius: 9999px;
      padding: 0.25rem;
      font-family: "AvantGardeGothic-bold", "Arial Black", sans-serif;
      font-size: 1rem;
      font-weight: 900;
      letter-spacing: 0;
      font-style: normal;
      text-align: center;
      line-height: 1.1em;
      letter-spacing: -0.03125rem;
      font-size: 0.6875rem;
      line-height: 1.1em;
    }


    @media screen and (max-width:1199px) {
      #go1319-logo-container {
        height: 239px;
      }
    }

    @media screen and (max-width:479px) {
      #go1319-logo-container {
        height: 156px;
        overflow: hidden;
      }

      #go1319-logo-container img {
        /* max-height: 150px; */
        /* height: 156px;
	    object-position: right; */
      }
    }
  </style>
  <script>
    function go1319_main_setup() {
      document.querySelector('#coles-targeting-product-tiles').classList.add('go1319Active');
      var modalContainer = document.createElement('section');
      modalContainer.setAttribute('id', 'go1319-main-container');
      modalContainer.setAttribute('class', 'go1319-main-container');
      if (!document.getElementById("go1319-main-container") && document.querySelector('#coles-targeting-product-tiles [data-testid="product-tile"]')) {
        document.querySelector('#coles-targeting-product-tiles ').prepend(modalContainer);
      }
      document.getElementById('go1319-main-container').innerHTML = '\
        <div id="go1319-content-container">\
            <span data-testid="multi_save" class="go1327Roundel product__badge product__badge"><span class="roundel-text multi_save">SPECIAL</span></span>\
            <div id="go1319-logo-container">\
                   <a href="https://www.coles.com.au/search?q=coles%20finest&pid=go_meatseafood_singletile_go1319tile_b"><img class="productImage" alt="Product Image Coles  Finest" src="https://www.coles.com.au/content/dam/coles/cusp/coles-finest/Foreground%20(3).png"></a>\
            </div>\
            <div id="go1319-text-container">\
                <a href="https://www.coles.com.au/search?q=coles%20finest&pid=go_meatseafood_singletile_go1319tile_b"><h4>Experience the difference with Coles Finest</h4></a>\
            </div>\
            <div id="go1319-cta-container">\
                <a href="https://www.coles.com.au/search?q=coles%20finest&pid=go_meatseafood_singletile_go1319tile_b">Shop now</a>\
            </div>\
            \
        </div>\
        \
';


    }




    // Wait until

    waitUntil(
      function () {
        return (
          document.querySelector('#coles-targeting-product-tiles [data-testid="product-tile"]') && window.location.href.indexOf("coles.com.au/browse/meat-seafood/") == -1 && window.location.href.indexOf("coles.com.au/browse/meat-seafood") != -1
        );
      },
      function () {
        go1319_main_setup();
      }
    );


    var previousUrl1319 = '';
    var observer1319 = new MutationObserver(function (mutations) {
      if (location.href !== previousUrl1319) {
        previousUrl1319 = location.href;
        waitUntil(
          function () {
            return (
              document.querySelector('#coles-targeting-product-tiles')
            );
          },
          function () {
            document.querySelector('#coles-targeting-product-tiles').classList.remove('go1319Active');
          }
        );
        waitUntil(
          function () {
            return (
              document.querySelector('#coles-targeting-product-tiles [data-testid="product-tile"]') && window.location.href.indexOf("coles.com.au/browse/meat-seafood/") == -1 && window.location.href.indexOf("coles.com.au/browse/meat-seafood") != -1
            );
          },
          function () {
            go1319_main_setup();
          }
        );
      }
    });
    var config1319 = { subtree: true, childList: true };
    observer1319.observe(document, config1319);


    //wait until function
    function waitUntil(predicate, success, error) {
      var int = setInterval(function () {
        if (predicate()) {
          clearInterval(int);
          int = null;
          success();
        }
      }, 33);
      setTimeout(function () {
        if (int !== null) {
          clearInterval(int);
          if (typeof error === "function") {
            error();
          }
        }
      }, 10000);
    }
  </script>
  <script type="text/javascript" src="https://c.oracleinfinity.io/acs/common/js/1.3.37/common.js" async="true"
    defer="true"></script>
  <script type="text/javascript"
    src="https://c.oracleinfinity.io/acs/account/zxwxleko58/js/gtm/analytics-default/analytics.js" async="true"
    defer="true"></script>
  <script src="https://bat.bing.com/p/action/20263263.js" type="text/javascript" async=""
    data-ueto="ueto_547ce3fc4b"></script>
  <meta http-equiv="origin-trial"
    content="AymqwRC7u88Y4JPvfIF2F37QKylC04248hLCdJAsh8xgOfe/dVJPV3XS3wLFca1ZMVOtnBfVjaCMTVudWM//5g4AAAB7eyJvcmlnaW4iOiJodHRwczovL3d3dy5nb29nbGV0YWdtYW5hZ2VyLmNvbTo0NDMiLCJmZWF0dXJlIjoiUHJpdmFjeVNhbmRib3hBZHNBUElzIiwiZXhwaXJ5IjoxNjk1MTY3OTk5LCJpc1RoaXJkUGFydHkiOnRydWV9">
  <meta http-equiv="origin-trial"
    content="A+xK4jmZTgh1KBVry/UZKUE3h6Dr9HPPioFS4KNCzify+KEoOii7z/goKS2zgbAOwhpZ1GZllpdz7XviivJM9gcAAACFeyJvcmlnaW4iOiJodHRwczovL3d3dy5nb29nbGV0YWdtYW5hZ2VyLmNvbTo0NDMiLCJmZWF0dXJlIjoiQXR0cmlidXRpb25SZXBvcnRpbmdDcm9zc0FwcFdlYiIsImV4cGlyeSI6MTcwNzI2Mzk5OSwiaXNUaGlyZFBhcnR5Ijp0cnVlfQ==">
  <meta http-equiv="origin-trial"
    content="AymqwRC7u88Y4JPvfIF2F37QKylC04248hLCdJAsh8xgOfe/dVJPV3XS3wLFca1ZMVOtnBfVjaCMTVudWM//5g4AAAB7eyJvcmlnaW4iOiJodHRwczovL3d3dy5nb29nbGV0YWdtYW5hZ2VyLmNvbTo0NDMiLCJmZWF0dXJlIjoiUHJpdmFjeVNhbmRib3hBZHNBUElzIiwiZXhwaXJ5IjoxNjk1MTY3OTk5LCJpc1RoaXJkUGFydHkiOnRydWV9">
  <script type="text/javascript" async=""
    src="https://googleads.g.doubleclick.net/pagead/viewthroughconversion/1021688983/?random=1691301106150&amp;cv=11&amp;fst=1691301106150&amp;bg=ffffff&amp;guid=ON&amp;async=1&amp;gtm=45be3820&amp;u_w=1280&amp;u_h=720&amp;url=https%3A%2F%2Fwww.coles.com.au%2Fsearch%3Fq%3Dbananas&amp;hn=www.googleadservices.com&amp;frm=0&amp;tiba=Search%20bananas%20%7C%20Coles&amp;auid=208266718.1691301106&amp;uaa=arm&amp;uab=64&amp;uafvl=Not%252FA)Brand%3B99.0.0.0%7CHeadlessChrome%3B115.0.5790.75%7CChromium%3B115.0.5790.75&amp;uamb=0&amp;uap=macOS&amp;uapv=13.4.1&amp;uaw=0&amp;data=event%3Dgtag.config&amp;rfmt=3&amp;fmt=4"></script>
</head>

<body>
  <div id="__next" data-reactroot="">
    <div class="sc-ae00c001-1 dtZzNR"><a
        class="sc-1a0c6950-0-a sc-eb3d8b24-0 bJvLWj ggWEPi skip-to-content coles-targeting-ButtonButton button coles-targeting-ButtonButton button"
        href="#skipto-main-content" data-testid="skip-button-anchor"><span aria-hidden="false"
          class="sc-d01591ce-0 hzqFYF coles-targeting-ButtonButtonChildContainer">Skip to main content</span></a>
      <div id="coles-targeting-header-container">
        <header class="sc-515a2868-9 khCkGH coles-targeting-HeaderHeaderWrapper">
          <div class="sc-96e8bc74-0 bXextm coles-targeting-SkeletonSkeletonWrapperLoadedComponent">
            <div class="">
              <div class="sc-96e8bc74-0 bXextm coles-targeting-SkeletonSkeletonWrapperLoadedComponent">
                <div data-testid="urgency_strip" class="sc-fec7bdc1-0 hPqRfT coles-targeting-UrgencyStripComponent">
                  <div class="sc-fec7bdc1-1 goPXWp coles-targeting-UrgencyStripContent"><span
                      class="sr-only">Announcement: </span>
                    <div data-testid="urgencystrip_icon" class="sc-fec7bdc1-3 liQhRV coles-targeting-UrgencyStripIcon">
                      <svg focusable="false" xmlns="http://www.w3.org/2000/svg" width="19" height="19"
                        viewBox="0 0 19 19" fill="none">
                        <path fill-rule="evenodd" clip-rule="evenodd"
                          d="M14.5 6C14.5 3.23858 12.2614 1 9.5 1C6.73858 1 4.5 3.23858 4.5 6C4.5 9.33333 3.5 12 1.5 14H17.5C15.5 12 14.5 9.33333 14.5 6ZM7.76836 17.0014C8.11437 17.5984 8.76029 18 9.5 18C10.236 18 10.8792 17.6024 11.2264 17.0103"
                          fill="white"></path>
                        <path
                          d="M7.76836 17.0014C8.11437 17.5984 8.76029 18 9.5 18C10.236 18 10.8792 17.6024 11.2264 17.0103M14.5 6C14.5 3.23858 12.2614 1 9.5 1C6.73858 1 4.5 3.23858 4.5 6C4.5 9.33333 3.5 12 1.5 14H17.5C15.5 12 14.5 9.33333 14.5 6Z"
                          stroke="white" stroke-width="2" stroke-linecap="round" stroke-linejoin="round"></path>
                      </svg></div>
                    <div class="sc-fec7bdc1-2 bcExBq coles-targeting-UrgencyStripBody">
                      <div
                        class="sc-c60700fb-0 sc-fec7bdc1-4 jXMcml gsbUeQ coles-targeting-utilswithBaseStyleBaseStyleContainer coles-targeting-utilswithBaseStyleBaseStyleContainer">
                        <div>
                          <div>Coles Super Hero Builders have arrived! <a
                              href="https://www.coles.com.au/offers/super-hero-builders">Find out more.</a></div>
                        </div>
                      </div>
                    </div>
                  </div>
                  <div class="sc-fec7bdc1-5 dgKxxn coles-targeting-UrgencyStripCloseIcon"><svg focusable="false"
                      xmlns="http://www.w3.org/2000/svg" width="24" height="24" viewBox="0 0 24 24"
                      data-testid="close_icon">
                      <g fill="none" fill-rule="evenodd">
                        <path stroke="currentColor" stroke-linecap="round" stroke-linejoin="round" stroke-width="2"
                          vector-effect="non-scaling-stroke" d="M6,6 L18,18 M18,6 L6,18"></path>
                      </g>
                    </svg></div>
                </div>
              </div>
            </div>
          </div>
          <div data-testid="header" class="sc-515a2868-11 cmkUhh coles-targeting-HeaderHeaderContainer">
            <div class="sc-515a2868-6 epSsQD coles-targeting-HeaderHeaderMain"><button data-testid="header-hamburger"
                aria-label="Menu"
                class="sc-1a0c6950-0 sc-515a2868-5 hJyowZ cUtXlv header-hamburger coles-targeting-ButtonButton button coles-targeting-ButtonButton button"><span
                  aria-hidden="false" class="sc-d01591ce-0 duoPoh coles-targeting-ButtonButtonChildContainer"><svg
                    focusable="false" xmlns="http://www.w3.org/2000/svg" width="24" height="24" viewBox="0 0 24 24">
                    <g fill="none" fill-rule="evenodd">
                      <path stroke="currentColor" stroke-linecap="round" stroke-linejoin="round" stroke-width="2"
                        vector-effect="non-scaling-stroke" d="M3,12 L21,12 M3,6 L21,6 M3,18 L21,18"></path>
                    </g>
                  </svg></span></button><a href="/" aria-label="Coles home" data-testid="header-logo"
                class="sc-d85333ba-0 dZIIBI coles-targeting-BrandLogoLogoWrapper"><svg focusable="false"
                  xmlns="http://www.w3.org/2000/svg" width="103" height="32" viewBox="0 0 103 32" role="img"
                  aria-labelledby="colesTitle">
                  <title id="colesTitle">Coles</title>
                  <g fill-rule="evenodd">
                    <path
                      d="M94.9513 17.3938L92.0453 16.7406C89.7084 16.205 88.2607 15.5385 88.2607 13.8643C88.2607 12.3607 89.7242 11.4257 92.0782 11.4257C95.0711 11.4257 96.7217 12.6159 96.8508 14.8693L96.8534 14.9103H101.667V14.8667C101.667 12.6556 100.795 10.787 99.1455 9.46458C97.4752 8.12629 95.0922 7.41879 92.2521 7.41879C89.5095 7.41879 87.224 8.10381 85.6419 9.39979C84.0914 10.6693 83.272 12.4691 83.272 14.6048C83.272 16.4695 83.8385 17.8316 85.0544 18.8895C86.1609 19.8522 87.8655 20.5941 90.4197 21.2236L93.8474 22.095C96.1842 22.6822 97.3725 23.2667 97.3725 24.8404C97.3725 26.6944 95.6257 27.8449 92.8159 27.8449C89.4383 27.8449 87.6929 26.4908 87.4795 23.7031L87.4769 23.6013H82.6213V23.7058C82.6213 28.9373 86.1793 31.9392 92.3825 31.9392C95.4755 31.9392 98.0166 31.2264 99.7304 29.8762C101.423 28.5458 102.318 26.5926 102.318 24.2308C102.318 19.9263 99.7291 18.5073 94.9513 17.3938ZM76.4115 16.6123C75.3419 13.0682 72.2923 11.7947 70.0542 11.7934H70.0529H70.0516C67.8135 11.7947 64.7639 13.0682 63.693 16.6123H76.4115ZM81.7123 19.5586C81.7137 19.9765 81.6952 20.3878 81.6623 20.7885H76.7224V20.7845H63.3834C63.8971 24.7994 66.8031 27.3199 70.0529 27.3186C72.4543 27.3186 74.6674 25.9393 75.8662 23.6013H81.1472C79.5954 28.8156 75.0613 32.0013 70.0542 31.9987H70.0529H70.0516C63.855 32.0026 58.379 27.1216 58.3934 19.5586C58.3803 10.4339 65.2829 7.35929 70.0516 7.35664H70.0529H70.0542C74.8242 7.35929 81.7255 10.4339 81.7123 19.5586ZM51.421 0.00132242L51.417 31.397L56.7969 31.3983L56.7956 0L51.421 0.00132242ZM44.9174 19.679C44.9174 15.5953 41.6202 12.2866 37.5537 12.2866C33.4872 12.2866 30.1887 15.5953 30.1887 19.679C30.1887 23.76 33.4872 27.07 37.5537 27.07C41.6202 27.07 44.9174 23.76 44.9174 19.679ZM49.827 19.679C49.827 26.4842 44.3325 32 37.5537 32C30.7749 32 25.2791 26.4842 25.2791 19.679C25.2791 12.8738 30.7749 7.35796 37.5537 7.35796C44.3325 7.35796 49.827 12.8738 49.827 19.679ZM4.90959 19.6803C4.90959 23.7613 8.2068 27.0713 12.2746 27.0713C15.2702 27.0713 17.8455 25.2742 18.9955 22.6981H24.1752C22.8341 28.042 18.0154 32 12.2746 32C5.49579 32 0 26.4828 0 19.6803C0 12.8738 5.49579 7.35796 12.2746 7.35796C18.0154 7.35796 22.8341 11.3147 24.1752 16.6599H18.9955C17.8455 14.0825 15.2702 12.2853 12.2746 12.2853C8.2068 12.2853 4.90959 15.5953 4.90959 19.6803Z"
                      fill="#E01A22"></path>
                  </g>
                </svg></a>
              <div class="sc-515a2868-7 clgVvV"></div>
              <div data-pii="true"
                class="sc-515a2868-8 boKLOV search-box-wrapper coles-targeting-HeaderHeaderMain-SearchBoxContainer">
                <div class="sc-bafd0664-0 jFyWRk coles-targeting-SearchInputWrapper">
                  <div class="MuiFormControl-root MuiFormControl-fullWidth mui-style-tzsjye"><label
                      for="search-text-input" class="sc-235a3432-0 gXoDQC coles-targeting-TextInputStyledLabel">Search
                      Products</label>
                    <div data-testid="search-modal-trigger"
                      class="MuiInputBase-root MuiInputBase-colorPrimary MuiInputBase-formControl sc-235a3432-7 ZwsSW search-box-trigger search-box-trigger mui-style-oasusv">
                      <input type="text" aria-invalid="false"
                        aria-describedby="search-text-input-description-text search-text-input-helper-text"
                        id="search-text-input" name="search-text-input" placeholder="Search products" value="bananas"
                        class="MuiInputBase-input mui-style-mnn31"></div>
                    <p class="MuiFormHelperText-root MuiFormHelperText-sizeMedium MuiFormHelperText-contained MuiFormHelperText-filled sc-235a3432-6 izpRTg coles-targeting-TextInputStyledFormHelperText mui-style-v7esy"
                      id="search-text-input-helper-text" data-testid="search-text-input-form-helper-text"></p>
                  </div><button type="button" data-testid="search-box-clear-button" aria-label="Clear search"
                    class="sc-1a0c6950-0 sc-9ab55fc6-2 cWxWwJ cAUVV clear-button coles-targeting-ButtonButton button coles-targeting-ButtonButton button"><span
                      aria-hidden="false" class="sc-d01591ce-0 duoPoh coles-targeting-ButtonButtonChildContainer"><svg
                        focusable="false" xmlns="http://www.w3.org/2000/svg" width="24" height="24" viewBox="0 0 24 24">
                        <g fill="none" fill-rule="evenodd">
                          <path stroke="currentColor" stroke-linecap="round" stroke-linejoin="round" stroke-width="2"
                            vector-effect="non-scaling-stroke" d="M6,6 L18,18 M18,6 L6,18"></path>
                        </g>
                      </svg></span></button><button type="submit" data-testid="search-box-search-button"
                    aria-label="Search"
                    class="sc-1a0c6950-0 sc-9ab55fc6-1 hJyowZ hCmSrK search-button coles-targeting-ButtonButton button coles-targeting-ButtonButton button"><span
                      aria-hidden="false" class="sc-d01591ce-0 duoPoh coles-targeting-ButtonButtonChildContainer"><svg
                        focusable="false" xmlns="http://www.w3.org/2000/svg" width="24" height="24" viewBox="0 0 24 24">
                        <g fill="none" fill-rule="evenodd">
                          <path stroke="currentColor" stroke-linecap="round" stroke-linejoin="round" stroke-width="2"
                            vector-effect="non-scaling-stroke"
                            d="M21,21 L15,15 L21,21 Z M10,3 C6.13400675,3 3,6.13400675 3,10 C3,13.8659932 6.13400675,17 10,17 C11.8565154,17 13.6369928,16.2625021 14.9497475,14.9497475 C16.2625021,13.6369928 17,11.8565154 17,10 C17,6.13400675 13.8659932,3 10,3 Z">
                          </path>
                        </g>
                      </svg></span></button>
                </div>
                <div id="search-box-menu-wrapper-root"></div>
              </div><button aria-hidden="true" tabindex="-1" data-testid="search-icon"
                class="sc-515a2868-0 sc-515a2868-1 eajpIK canaeh quick-links quick-links quick-links">Search</button><button
                data-testid="header-brand-switcher"
                class="sc-515a2868-0 sc-515a2868-3 czRPRg bgYXrH quick-links quick-links quick-links">More from
                Coles</button><button data-testid="header-user"
                class="sc-9edbcf68-2 ldajgQ quick-links quick-links">Login/Signup</button><button
                data-testid="header-shopping-lists"
                class="sc-515a2868-0 sc-515a2868-4 eVmBWK fJWRhe quick-links quick-links quick-links">Lists</button>
              <div class="sc-da46e80-0 kVLLlG coles-targeting-HeaderTrolleyWrapper">
                <div data-pii="true" class="sc-6a4aa2eb-0 iEbEIg coles-targeting-TrolleyButtonTrolleyWrapper"><button
                    data-testid="header-trolley" aria-label="View trolley and checkout.  $0.00"
                    class="sc-6a4aa2eb-3 jQNczB quick-links quick-links">$0.00</button><button
                    data-testid="header-trolley-tablet-up" aria-label="View trolley and checkout.  $0.00"
                    class="sc-1a0c6950-0 sc-6a4aa2eb-2 HJnzX cfWzQf quick-links coles-targeting-ButtonButton button coles-targeting-ButtonButton button"><span
                      aria-hidden="false" class="sc-d01591ce-0 doDoww coles-targeting-ButtonButtonChildContainer"><svg
                        focusable="false" xmlns="http://www.w3.org/2000/svg" width="24" height="24" viewBox="0 0 24 24">
                        <g fill="none" fill-rule="evenodd">
                          <path stroke="currentColor" stroke-linecap="round" stroke-linejoin="round" stroke-width="2"
                            vector-effect="non-scaling-stroke"
                            d="M8,22 C8.55228475,22 9,21.5522847 9,21 C9,20.4477153 8.55228475,20 8,20 C7.44771525,20 7,20.4477153 7,21 C7,21.5522847 7.44771525,22 8,22 Z M18,22 C18.5522847,22 19,21.5522847 19,21 C19,20.4477153 18.5522847,20 18,20 C17.4477153,20 17,20.4477153 17,21 C17,21.5522847 17.4477153,22 18,22 Z M2,3 L4.5,3 L6.68,14.39 C6.86873697,15.3402315 7.71138394,16.0185624 8.68,16 L17.4,16 C18.3686161,16.0185624 19.211263,15.3402315 19.4,14.39 L21,7 L5.5,7">
                          </path>
                        </g>
                      </svg><span class="sc-6a4aa2eb-1 WBjOd">$0.00</span></span></button></div>
              </div>
            </div>
            <div class="sc-68559b27-0 fXwIey header-bottom-wrapper header-bottom-wrapper"
              data-testid="header-bottom-wrapper">
              <ul data-testid="header-bottom-nav-links"
                class="sc-68559b27-1 sc-68559b27-2 bDIegF cVhlMR coles-targeting-HeaderHeaderBottomLocationWrapper">
                <li><a data-testid="header-link-shop-categories"
                    class="sc-47445e39-1 cARtDi sc-68559b27-4 gJiJNe shop-categories shop-categories link coles-targeting-NavLinkLink"
                    href="/browse"><svg focusable="false" xmlns="http://www.w3.org/2000/svg" width="24" height="24"
                      viewBox="0 0 24 24">
                      <g fill="none" fill-rule="evenodd">
                        <path stroke="currentColor" stroke-linecap="round" stroke-linejoin="round" stroke-width="2"
                          vector-effect="non-scaling-stroke"
                          d="M10.5,3 C10.5,7 13,8 13,12 C13,14.6666667 13,17.3333333 13,20 C13,20.5522847 12.5522847,21 12,21 L5,21 C4.44771525,21 4,20.5522847 4,20 C4,17.3333333 4,14.6666667 4,12 C4,8 6.5,7 6.5,3 M4,12 L13,12 L13,16 L4,16 L4,12 Z M5,3 L12,3 M16,21 L19,21 L19,13 C20.3333333,12.5680607 21,11.9013941 21,11 C21,9.88822195 18.8448121,6.91185821 14.5,6">
                        </path>
                      </g>
                    </svg><span class="sc-47445e39-0 ieMGFS coles-targeting-NavLinkLabel">Shop products</span></a></li>
                <li><a data-testid="nav-link"
                    class="sc-47445e39-1 cARtDi sc-68559b27-4 gJiJNe coles-targeting-HeaderHeaderBottomNavLink link coles-targeting-NavLinkLink"
                    href="/bought-before"><span class="sc-47445e39-0 ieMGFS coles-targeting-NavLinkLabel">Bought
                      before</span></a></li>
                <li><a data-testid="nav-link"
                    class="sc-47445e39-1 cARtDi sc-68559b27-4 gJiJNe coles-targeting-HeaderHeaderBottomNavLink link coles-targeting-NavLinkLink"
                    href="/on-special"><span
                      class="sc-47445e39-0 ieMGFS coles-targeting-NavLinkLabel">Specials</span></a></li>
                <li><a data-testid="nav-link"
                    class="sc-47445e39-1 cARtDi sc-68559b27-4 gJiJNe link link link coles-targeting-NavLinkLink"
                    href="/catalogues"><span
                      class="sc-47445e39-0 ieMGFS coles-targeting-NavLinkLabel">Catalogues</span></a></li>
                <li><a data-testid="nav-link"
                    class="sc-47445e39-1 cARtDi sc-68559b27-4 gJiJNe coles-targeting-HeaderHeaderBottomNavLink link coles-targeting-NavLinkLink"
                    href="/offers"><span class="sc-47445e39-0 ieMGFS coles-targeting-NavLinkLabel">Offers &amp;
                      promotions</span></a></li>
                <li><a data-testid="nav-link"
                    class="sc-47445e39-1 cARtDi sc-68559b27-4 gJiJNe coles-targeting-HeaderHeaderBottomNavLink link coles-targeting-NavLinkLink"
                    href="/recipes-inspiration"><span class="sc-47445e39-0 ieMGFS coles-targeting-NavLinkLabel">Recipes
                      &amp; inspiration</span></a></li>
                <li>
                  <div>
                    <div style="width: 100%;">
                      <div data-testid="popper-anchor" class=""><button aria-label="Coles Plus" aria-expanded="false"
                          class="sc-3216505a-2 cVNuOP"><svg class="sc-3216505a-3 dKxmej" focusable="false"
                            viewBox="0 0 495 171" fill="none" xmlns="http://www.w3.org/2000/svg">
                            <title>Coles Plus Logo</title>
                            <path fill="#E01A22"
                              d="M65.1 76.9C60.6 59.2 42.7 48.5 25 53 7.3 57.4-3.5 75.4 1 93.1c4.5 17.7 22.4 28.4 40.1 23.9 11.8-3 21-12.2 23.9-23.9H51.2c-4.5 10-16.2 14.5-26.2 10S10.5 86.9 15 76.9s16.2-14.5 26.2-10c4.5 2 8 5.6 10 10h13.9Zm69.1 8.1c0-18.3-14.8-33.1-33-33.1-18.3 0-33.1 14.8-33.1 33 0 18.3 14.8 33.1 33 33.1 18.3.1 33.1-14.7 33.1-33ZM121 85c0 11-8.9 19.8-19.8 19.8S81.3 96 81.3 85s8.9-19.8 19.8-19.8c11 0 19.9 8.9 19.9 19.8Zm17.5-52.8H153v84.2h-14.5V32.2ZM219.9 88c.1-1.1.1-2.2.1-3.3 0-24.5-18.6-32.7-31.4-32.7-12.8 0-31.4 8.3-31.4 32.7 0 20.3 14.7 33.4 31.4 33.4 13.9 0 26.1-9.2 29.9-22.5h-14.2c-2.9 6-9 9.9-15.7 10-8.7 0-16.6-6.7-18-17.5l49.3-.1Zm-31.3-24.2c8 0 15 5.3 17.1 12.9h-34.2c2.2-7.6 9.2-12.9 17.1-12.9Zm60.2 54.1c-16.7 0-26.3-8-26.3-22.1v-.3h13.1v.3c.6 7.5 5.3 11.1 14.4 11.1 7.6 0 12.3-3.1 12.3-8.1 0-4.2-3.2-5.8-9.5-7.4l-9.2-2.3c-5.2-.9-10.2-3.1-14.4-6.3-3.3-2.9-5.1-7.1-4.8-11.5-.2-5.4 2.2-10.6 6.4-14 5.2-3.8 11.4-5.6 17.8-5.3 6.6-.3 13.2 1.6 18.6 5.5 4.4 3.5 6.9 8.9 6.8 14.5v.1h-13V72c-.3-6-4.8-9.2-12.9-9.2-6.3 0-10.3 2.5-10.3 6.5 0 4.5 3.9 6.3 10.2 7.7l7.8 1.8c12.9 3 19.8 6.8 19.8 18.3.2 5.9-2.4 11.5-7 15.1-5.9 4.1-12.8 6.1-19.8 5.7Z">
                            </path>
                            <path fill="#303840"
                              d="M347.2 62.7h10v6.5c3.2-4.5 8.4-7.9 15.8-7.9 15.6 0 22.2 13.3 22.2 24.1 0 12.7-9 23.4-22.1 23.4-8.7 0-13.4-4.5-15.2-7.3V123h-10.7V62.7ZM384.6 85c0-6.4-4.6-13.8-13.7-13.8-3.9 0-7.2 1.5-9.7 4.1-2.4 2.4-3.8 5.9-3.8 9.9 0 3.8 1.5 7.2 3.9 9.7 2.4 2.4 5.9 4 9.7 4 8.1-.1 13.6-6.5 13.6-13.9Zm14.9-37.9h10.7v60.2h-10.7V47.1Zm57.6 60.2h-10v-5.9c-1.9 3.5-5.9 7.4-13.9 7.3-14.7-.1-17.4-11.2-17.4-19.1v-27h10.7V87c0 6.6 2.2 11.8 9.8 11.7 7.7 0 10.3-5 10.3-11.4V62.7h10.7v44.6h-.2Zm25.5-32.6c-.1-2.4-1.3-4.8-5.5-4.8-3.6 0-5.3 2.3-5.3 4.5.1 2.8 3.3 4.4 7.6 5.6 7.2 2 14.9 4.1 15 13.7.2 9.2-7.6 15.1-16.9 15.1-6.9 0-16.3-3.6-17.1-14.4h10.7c.4 4.8 4.6 5.8 6.6 5.8 3.3 0 6.2-2.2 6.1-5.2 0-3.8-3.3-4.9-11.6-7.7-6-1.9-10.9-5.2-11-11.6 0-8.8 7.4-14.2 16-14.2 6 0 15 2.7 15.9 13.4h-10.5v-.2Z">
                            </path>
                            <path fill="#E01A22"
                              d="M441.9 118.2c-3.3 6.3-7.6 12.1-12.7 17.2-13.4 13.4-31.3 20.8-50.3 20.8-19 0-36.9-7.4-50.3-20.8-13.4-13.4-20.8-31.3-20.8-50.3 0-19 7.4-36.9 20.8-50.3C342.1 21.4 359.9 14 378.9 14c19 0 36.9 7.4 50.3 20.8 5.1 5.1 9.4 10.9 12.7 17.2h15.3l-.1-.1c-4.3-10-10.4-19.1-18.1-26.8C422.9 8.8 401.6 0 378.9 0c-22.7 0-44.1 8.8-60.1 24.9-16.1 16.1-25 37.4-25 60.1 0 22.7 8.8 44.1 24.9 60.1 16.1 16.1 37.4 24.9 60.1 24.9 22.7 0 44.1-8.8 60.1-24.9 7.8-7.8 13.9-16.8 18.1-26.8l.1-.1h-15.2Z">
                            </path>
                          </svg><svg focusable="false" xmlns="http://www.w3.org/2000/svg" width="24" height="24"
                            viewBox="0 0 24 24" class="sc-3216505a-4 bUJgAk">
                            <g fill="none" fill-rule="evenodd">
                              <polyline stroke="currentColor" stroke-linecap="round" stroke-linejoin="round"
                                stroke-width="2" vector-effect="non-scaling-stroke" points="18 10 12 16 6 10">
                              </polyline>
                            </g>
                          </svg></button></div>
                    </div>
                  </div>
                </li>
                <li class="nav-overflow"><button id="navigation-component-button"
                    data-testid="navigation-component-button" aria-expanded="false"
                    class="sc-1a0c6950-0 sc-cb6f0608-1 eIlvBt hdRUDk coles-targeting-ButtonButton button coles-targeting-ButtonButton button"><span
                      aria-hidden="false"
                      class="sc-d01591ce-0 bEzUuU coles-targeting-ButtonButtonChildContainer">More<svg focusable="false"
                        xmlns="http://www.w3.org/2000/svg" width="24" height="24" viewBox="0 0 24 24">
                        <g fill="none" fill-rule="evenodd">
                          <polyline stroke="currentColor" stroke-linecap="round" stroke-linejoin="round"
                            stroke-width="2" vector-effect="non-scaling-stroke" points="18 10 12 16 6 10"></polyline>
                        </g>
                      </svg></span></button></li>
              </ul>
              <div data-pii="true" class="sc-68559b27-3 dRbEBU coles-targeting-HeaderHeaderBottomLocationWrapper">
                <div style="width: 100%;">
                  <div data-testid="popper-anchor" class="" aria-labelledby="mui-1"><button
                      id="delivery-selector-button" data-testid="delivery-selector-button" aria-expanded="true"
                      class="sc-1a0c6950-0 sc-410b5889-1 eIlvBt gtWUlU coles-targeting-ButtonButton button coles-targeting-ButtonButton button"><span
                        aria-hidden="false" class="sc-d01591ce-0 eEYtHJ coles-targeting-ButtonButtonChildContainer"><svg
                          focusable="false" xmlns="http://www.w3.org/2000/svg" width="24" height="24"
                          viewBox="0 0 24 24">
                          <g fill="none" fill-rule="evenodd">
                            <path stroke="currentColor" stroke-linecap="round" stroke-linejoin="round" stroke-width="2"
                              vector-effect="non-scaling-stroke"
                              d="M12,13 C13.6568542,13 15,11.6568542 15,10 C15,8.34314575 13.6568542,7 12,7 C10.3431458,7 9,8.34314575 9,10 C9,11.6568542 10.3431458,13 12,13 Z M12,21 C16.6666667,17.4 19,13.8 19,10.2 C19,6.15 15.8659932,3 12,3 C8.13400675,3 5,6.2235498 5,10.2 C5,13.8 7.33333333,17.4 12,21 Z">
                            </path>
                          </g>
                        </svg><span data-pii="true">Set shopping method</span><svg focusable="false"
                          xmlns="http://www.w3.org/2000/svg" width="24" height="24" viewBox="0 0 24 24">
                          <g fill="none" fill-rule="evenodd">
                            <polyline stroke="currentColor" stroke-linecap="round" stroke-linejoin="round"
                              stroke-width="2" vector-effect="non-scaling-stroke" points="18 10 12 16 6 10"></polyline>
                          </g>
                        </svg></span></button></div>
                  <div id="mui-1"
                    class="MuiTooltip-popper sc-2e171692-2 czQEzi MuiTooltip-popperInteractive mui-style-naz7mp MuiPopperUnstyled-root"
                    style="position: absolute; inset: 0px 0px auto auto; margin: 0px; transform: translate(-48px, 176px);"
                    data-popper-placement="bottom-end">
                    <div class="MuiTooltip-tooltip MuiTooltip-tooltipPlacementBottom mui-style-ucwngs"
                      style="opacity: 1; transform: none; transition: opacity 200ms cubic-bezier(0.4, 0, 0.2, 1) 0ms, transform 133ms cubic-bezier(0.4, 0, 0.2, 1) 0ms;">
                      <div data-testid="popper-content" class="sc-2e171692-0 gzuFVx coles-targeting-PopperContent">
                        <div class="content-wrapper">
                          <div data-testid="denied-location-overlay"
                            class="sc-410b5889-3 OoEsM coles-targeting-HeaderDeniedLocationOverlayWrapper">Choose how
                            you'd like to shop and see the latest products and prices.</div>
                        </div><button class="sc-1a0c6950-0 keQujv close-button coles-targeting-ButtonButton button"
                          aria-label="close popup"><span aria-hidden="false"
                            class="sc-d01591ce-0 duoPoh coles-targeting-ButtonButtonChildContainer"><svg
                              focusable="false" xmlns="http://www.w3.org/2000/svg" width="24" height="24"
                              viewBox="0 0 24 24">
                              <g fill="none" fill-rule="evenodd">
                                <path stroke="currentColor" stroke-linecap="round" stroke-linejoin="round"
                                  stroke-width="2" vector-effect="non-scaling-stroke" d="M6,6 L18,18 M18,6 L6,18">
                                </path>
                              </g>
                            </svg></span></button>
                      </div>
                    </div>
                  </div>
                </div>
                <div class="sc-2e171692-1 jLcZWl coles-targeting-PopperBackdrop"></div>
              </div>
            </div>
          </div>
        </header>
        <section class="sc-515a2868-10 ewGMPG coles-targeting-HeaderHeaderDivider"></section>
      </div>
      <div id="coles-targeting-main-container" tabindex="-1"
        class="sc-ae00c001-0 gLmBXn coles-targeting-StoreLayoutMain">
        <div class="sc-f1508986-2 hhaQkX is-search is-search">
          <div class="sc-f1508986-3 idxXpJ search-level-0 search-level-0" id="coles-targeting-search-nav-container"><a
              style="top:-3.75rem" id="skipto-main-content" href="#skipto-product-items"
              class="sc-1a0c6950-0-a sc-eb3d8b24-0 bJvLWj ggWEPi coles-targeting-ButtonButton button coles-targeting-ButtonButton button"
              data-testid="skip-button-anchor"><span aria-hidden="false"
                class="sc-d01591ce-0 hzqFYF coles-targeting-ButtonButtonChildContainer">Skip to product items</span></a>
            <div class="sc-9b4977e9-0 iwFNos">
              <div class="sc-9b4977e9-1 gUFGNh coles-targeting-ProductHeadingStyledProductTitleContainer">
                <div class="sc-9b4977e9-2 kKVtFl coles-targeting-ProductHeadingHeadingContainer">
                  <h1>Results for "bananas"</h1><a href="/browse" data-testid="back-link"
                    aria-label="back to Shop products"
                    class="sc-51aa5295-0 jUcuqF coles-targeting-LinkLinkInternal link" tabindex="0" target=""><svg
                      focusable="false" xmlns="http://www.w3.org/2000/svg" width="24" height="24" viewBox="0 0 24 24">
                      <g fill="none" fill-rule="evenodd">
                        <polyline stroke="currentColor" stroke-linecap="round" stroke-linejoin="round" stroke-width="2"
                          vector-effect="non-scaling-stroke" points="14 18 8 12 14 6"></polyline>
                      </g>
                    </svg>Shop products</a>
                </div>
              </div>
              <div data-testid="navigation-list" class="sc-953f5ea5-0 hsVZDT coles-targeting-ScrollContainerContainer">
                <a href="#" data-testid="navigation-list-skip-to-bottom"
                  class="sc-1a0c6950-0-a sc-eb3d8b24-0 bJvLWj ggWEPi coles-targeting-ButtonButton button coles-targeting-ButtonButton button"><span
                    aria-hidden="false" class="sc-d01591ce-0 hzqFYF coles-targeting-ButtonButtonChildContainer">Skip
                    <!-- -->categories list</span></a>
                <div data-testid="navigation-list-scrollable"
                  class="sc-953f5ea5-1 bzgnBf coles-targeting-ScrollContainerScrollable">
                  <nav class="sc-88124d7b-0 gppoar show-as-pills show-as-pills" data-testid="navigation-container">
                    <ul class="sc-88124d7b-1 dEUxhK coles-targeting-NavigationListNavigationWrapper">
                      <li><a id="navigation-link-8906007" data-testid="nav-link"
                          class="sc-47445e39-1 cARtDi link with-badge is-bold coles-targeting-NavLinkLink"
                          aria-label="Dropped &amp; Locked 3 items."
                          href="/search?q=bananas&amp;categoryName=Dropped%20%26%20Locked&amp;categoryId=8906007&amp;categoryLevel=1"><span
                            class="sc-47445e39-0 ieMGFS coles-targeting-NavLinkLabel">Dropped &amp; Locked</span><span
                            class="sc-47445e39-2 ekkrkB coles-targeting-NavLinkEndWrapper"><span
                              class="sc-47445e39-3 iBurBQ coles-targeting-NavLinkBadgeChevronWrapper"><span
                                data-testid="badge-wrapper" type="neutral"
                                class="sc-3828539d-0 ljJsby badge is-small badge is-small">
                                <section aria-label="" class="badge-label">3</section>
                              </span><svg focusable="false" xmlns="http://www.w3.org/2000/svg" width="24" height="24"
                                viewBox="0 0 24 24" class="icon-end">
                                <g fill="none" fill-rule="evenodd">
                                  <polyline stroke="currentColor" stroke-linecap="round" stroke-linejoin="round"
                                    stroke-width="2" vector-effect="non-scaling-stroke" points="7 15 13 9 19 15"
                                    transform="rotate(90 13 12)"></polyline>
                                </g>
                              </svg></span></span></a></li>
                      <li><a id="navigation-link-2100" data-testid="nav-link"
                          class="sc-47445e39-1 cARtDi link with-badge is-bold coles-targeting-NavLinkLink"
                          aria-label="Fruit &amp; Vegetables 9 items."
                          href="/search?q=bananas&amp;categoryName=Fruit%20%26%20vegetables&amp;categoryId=2100&amp;categoryLevel=1"><span
                            class="sc-47445e39-0 ieMGFS coles-targeting-NavLinkLabel">Fruit &amp; Vegetables</span><span
                            class="sc-47445e39-2 ekkrkB coles-targeting-NavLinkEndWrapper"><span
                              class="sc-47445e39-3 iBurBQ coles-targeting-NavLinkBadgeChevronWrapper"><span
                                data-testid="badge-wrapper" type="neutral"
                                class="sc-3828539d-0 ljJsby badge is-small badge is-small">
                                <section aria-label="" class="badge-label">9</section>
                              </span><svg focusable="false" xmlns="http://www.w3.org/2000/svg" width="24" height="24"
                                viewBox="0 0 24 24" class="icon-end">
                                <g fill="none" fill-rule="evenodd">
                                  <polyline stroke="currentColor" stroke-linecap="round" stroke-linejoin="round"
                                    stroke-width="2" vector-effect="non-scaling-stroke" points="7 15 13 9 19 15"
                                    transform="rotate(90 13 12)"></polyline>
                                </g>
                              </svg></span></span></a></li>
                      <li><a id="navigation-link-1300" data-testid="nav-link"
                          class="sc-47445e39-1 cARtDi link with-badge is-bold coles-targeting-NavLinkLink"
                          aria-label="Dairy, Eggs &amp; Fridge 14 items."
                          href="/search?q=bananas&amp;categoryName=Dairy%2C%20eggs%20%26%20fridge&amp;categoryId=1300&amp;categoryLevel=1"><span
                            class="sc-47445e39-0 ieMGFS coles-targeting-NavLinkLabel">Dairy, Eggs &amp;
                            Fridge</span><span class="sc-47445e39-2 ekkrkB coles-targeting-NavLinkEndWrapper"><span
                              class="sc-47445e39-3 iBurBQ coles-targeting-NavLinkBadgeChevronWrapper"><span
                                data-testid="badge-wrapper" type="neutral"
                                class="sc-3828539d-0 ljJsby badge is-small badge is-small">
                                <section aria-label="" class="badge-label">14</section>
                              </span><svg focusable="false" xmlns="http://www.w3.org/2000/svg" width="24" height="24"
                                viewBox="0 0 24 24" class="icon-end">
                                <g fill="none" fill-rule="evenodd">
                                  <polyline stroke="currentColor" stroke-linecap="round" stroke-linejoin="round"
                                    stroke-width="2" vector-effect="non-scaling-stroke" points="7 15 13 9 19 15"
                                    transform="rotate(90 13 12)"></polyline>
                                </g>
                              </svg></span></span></a></li>
                      <li><a id="navigation-link-8892906" data-testid="nav-link"
                          class="sc-47445e39-1 cARtDi link with-badge is-bold coles-targeting-NavLinkLink"
                          aria-label="Bakery 11 items."
                          href="/search?q=bananas&amp;categoryName=Bakery&amp;categoryId=8892906&amp;categoryLevel=1"><span
                            class="sc-47445e39-0 ieMGFS coles-targeting-NavLinkLabel">Bakery</span><span
                            class="sc-47445e39-2 ekkrkB coles-targeting-NavLinkEndWrapper"><span
                              class="sc-47445e39-3 iBurBQ coles-targeting-NavLinkBadgeChevronWrapper"><span
                                data-testid="badge-wrapper" type="neutral"
                                class="sc-3828539d-0 ljJsby badge is-small badge is-small">
                                <section aria-label="" class="badge-label">11</section>
                              </span><svg focusable="false" xmlns="http://www.w3.org/2000/svg" width="24" height="24"
                                viewBox="0 0 24 24" class="icon-end">
                                <g fill="none" fill-rule="evenodd">
                                  <polyline stroke="currentColor" stroke-linecap="round" stroke-linejoin="round"
                                    stroke-width="2" vector-effect="non-scaling-stroke" points="7 15 13 9 19 15"
                                    transform="rotate(90 13 12)"></polyline>
                                </g>
                              </svg></span></span></a></li>
                      <li><a id="navigation-link-10302" data-testid="nav-link"
                          class="sc-47445e39-1 cARtDi link with-badge is-bold coles-targeting-NavLinkLink"
                          aria-label="Pantry 31 items."
                          href="/search?q=bananas&amp;categoryName=Pantry&amp;categoryId=10302&amp;categoryLevel=1"><span
                            class="sc-47445e39-0 ieMGFS coles-targeting-NavLinkLabel">Pantry</span><span
                            class="sc-47445e39-2 ekkrkB coles-targeting-NavLinkEndWrapper"><span
                              class="sc-47445e39-3 iBurBQ coles-targeting-NavLinkBadgeChevronWrapper"><span
                                data-testid="badge-wrapper" type="neutral"
                                class="sc-3828539d-0 ljJsby badge is-small badge is-small">
                                <section aria-label="" class="badge-label">31</section>
                              </span><svg focusable="false" xmlns="http://www.w3.org/2000/svg" width="24" height="24"
                                viewBox="0 0 24 24" class="icon-end">
                                <g fill="none" fill-rule="evenodd">
                                  <polyline stroke="currentColor" stroke-linecap="round" stroke-linejoin="round"
                                    stroke-width="2" vector-effect="non-scaling-stroke" points="7 15 13 9 19 15"
                                    transform="rotate(90 13 12)"></polyline>
                                </g>
                              </svg></span></span></a></li>
                      <li><a id="navigation-link-85471" data-testid="nav-link"
                          class="sc-47445e39-1 cARtDi link with-badge is-bold coles-targeting-NavLinkLink"
                          aria-label="Frozen 9 items."
                          href="/search?q=bananas&amp;categoryName=Frozen&amp;categoryId=85471&amp;categoryLevel=1"><span
                            class="sc-47445e39-0 ieMGFS coles-targeting-NavLinkLabel">Frozen</span><span
                            class="sc-47445e39-2 ekkrkB coles-targeting-NavLinkEndWrapper"><span
                              class="sc-47445e39-3 iBurBQ coles-targeting-NavLinkBadgeChevronWrapper"><span
                                data-testid="badge-wrapper" type="neutral"
                                class="sc-3828539d-0 ljJsby badge is-small badge is-small">
                                <section aria-label="" class="badge-label">9</section>
                              </span><svg focusable="false" xmlns="http://www.w3.org/2000/svg" width="24" height="24"
                                viewBox="0 0 24 24" class="icon-end">
                                <g fill="none" fill-rule="evenodd">
                                  <polyline stroke="currentColor" stroke-linecap="round" stroke-linejoin="round"
                                    stroke-width="2" vector-effect="non-scaling-stroke" points="7 15 13 9 19 15"
                                    transform="rotate(90 13 12)"></polyline>
                                </g>
                              </svg></span></span></a></li>
                      <li><a id="navigation-link-8909800" data-testid="nav-link"
                          class="sc-47445e39-1 cARtDi link with-badge is-bold coles-targeting-NavLinkLink"
                          aria-label="Bonus Characters 4 items."
                          href="/search?q=bananas&amp;categoryName=Bonus%20Characters&amp;categoryId=8909800&amp;categoryLevel=1"><span
                            class="sc-47445e39-0 ieMGFS coles-targeting-NavLinkLabel">Bonus Characters</span><span
                            class="sc-47445e39-2 ekkrkB coles-targeting-NavLinkEndWrapper"><span
                              class="sc-47445e39-3 iBurBQ coles-targeting-NavLinkBadgeChevronWrapper"><span
                                data-testid="badge-wrapper" type="neutral"
                                class="sc-3828539d-0 ljJsby badge is-small badge is-small">
                                <section aria-label="" class="badge-label">4</section>
                              </span><svg focusable="false" xmlns="http://www.w3.org/2000/svg" width="24" height="24"
                                viewBox="0 0 24 24" class="icon-end">
                                <g fill="none" fill-rule="evenodd">
                                  <polyline stroke="currentColor" stroke-linecap="round" stroke-linejoin="round"
                                    stroke-width="2" vector-effect="non-scaling-stroke" points="7 15 13 9 19 15"
                                    transform="rotate(90 13 12)"></polyline>
                                </g>
                              </svg></span></span></a></li>
                    </ul>
                  </nav>
                </div><a href="#" data-testid="navigation-list-skip-to-top"
                  class="sc-1a0c6950-0-a sc-eb3d8b24-0 bJvLWj ggWEPi coles-targeting-ButtonButton button coles-targeting-ButtonButton button"><span
                    aria-hidden="false" class="sc-d01591ce-0 hzqFYF coles-targeting-ButtonButtonChildContainer">Skip to
                    start of <!-- -->categories list</span></a>
              </div>
            </div>
          </div>
          <div id="coles-targeting-search-content-container" data-testid="search-results"
            class="sc-f1508986-5 dbEtiS coles-targeting-StylesCategoryStylesContentContainer">
            <div class="sc-d6446c66-2 iANVkT coles-targeting-StylesSearchStylesSearchResultsContainer">
              <div data-testid="banner-container-desktop"
                class="sc-f1508986-4 ivUIxf coles-targeting-StylesCategoryStylesBannerContainer"></div>
              <h1 data-testid="page-header">Results for "bananas"</h1>
              <div class="sc-d6446c66-4 buVulM coles-targeting-StylesSearchStylesProductFilterWrapper"><a
                  style="top:-0.625rem" id="skipto-product-items"
                  class="sc-1a0c6950-0-a sc-eb3d8b24-0 bJvLWj ggWEPi coles-targeting-ButtonButton button coles-targeting-ButtonButton button"
                  data-testid="skip-button-anchor"><span aria-hidden="false"
                    class="sc-d01591ce-0 hzqFYF coles-targeting-ButtonButtonChildContainer"></span></a>
                <div aria-labelledby="filters" class="sc-8e755c0e-0 jhDssj coles-targeting-FilterShortcutsChipWrapper">
                  <span class="sr-only" id="filters">Current filters, click to change</span>
                  <ul>
                    <div class="sc-8e755c0e-1 hUFjko">Filter by:</div>
                    <li class="Special filter-icon"><button class="sc-fd1034c6-0 jrWUKW chip-button chip-button"
                        aria-pressed="false" data-testid="filter_Special"><svg width="24" height="24"
                          viewBox="0 0 24 24" fill="none" xmlns="http://www.w3.org/2000/svg">
                          <path
                            d="M11.9 3C16.82 3 20.8 6.98 20.8 11.9C20.8 16.82 16.82 20.8 11.9 20.8C6.98 20.8 3 16.82 3 11.9C3 6.98 6.98 3 11.9 3ZM11.9 0C5.34 0 0 5.34 0 11.9C0 18.46 5.34 23.8 11.9 23.8C18.46 23.8 23.8 18.46 23.8 11.9C23.8 5.34 18.46 0 11.9 0Z"
                            fill="#E01A22"></path>
                          <path
                            d="M11.9 20.8C16.8153 20.8 20.8 16.8153 20.8 11.9C20.8 6.98467 16.8153 3 11.9 3C6.98467 3 3 6.98467 3 11.9C3 16.8153 6.98467 20.8 11.9 20.8Z"
                            fill="white"></path>
                          <path
                            d="M11.12 18.4301H12.86V16.6001C13.29 16.4801 13.68 16.2801 14 16.0001C14.32 15.7201 14.55 15.3901 14.72 15.0001C14.89 14.6301 14.97 14.2101 14.97 13.7701C14.97 13.0901 14.82 12.5101 14.5 12.0501C14.18 11.5901 13.66 11.2501 12.94 10.9801L12.55 10.8601C12.25 10.7801 12 10.6901 11.8 10.6001C11.59 10.5201 11.43 10.4101 11.29 10.2501C11.14 10.1001 11.07 9.92012 11.07 9.68012C11.07 9.50012 11.11 9.32012 11.19 9.17012C11.27 9.02012 11.38 8.91012 11.52 8.81012C11.66 8.73012 11.81 8.69012 11.98 8.69012C12.22 8.69012 12.42 8.76012 12.58 8.90012C12.73 9.04012 12.84 9.25012 12.93 9.54012H14.66C14.62 8.97012 14.44 8.47012 14.12 8.04012C13.8 7.62012 13.39 7.33012 12.87 7.17012V5.37012H11.13V7.14012C10.76 7.24012 10.42 7.42012 10.13 7.67012C9.83998 7.92012 9.61998 8.22012 9.46998 8.57012C9.31998 8.92012 9.22997 9.30012 9.22997 9.71012C9.22997 10.4201 9.43998 11.0001 9.86998 11.4701C10.29 11.9401 10.96 12.3001 11.89 12.5401C12.32 12.6501 12.64 12.8001 12.85 13.0001C13.04 13.1901 13.14 13.4601 13.14 13.7901C13.14 14.0101 13.08 14.2201 12.99 14.4001C12.88 14.5801 12.73 14.7301 12.55 14.8301C12.36 14.9401 12.15 15.0001 11.91 15.0001C11.56 15.0001 11.29 14.8901 11.05 14.6701C10.81 14.4601 10.69 14.1701 10.68 13.8101H8.84998C8.84998 14.5201 9.03998 15.1101 9.42998 15.6001C9.81998 16.0801 10.39 16.4301 11.13 16.6401V18.4501L11.12 18.4301Z"
                            fill="#212121"></path>
                        </svg>On special<!-- --> </button></li>
                    <li class="All"><button class="sc-fd1034c6-0 jrWUKW chip-button chip-button" aria-pressed="false"
                        data-testid="filter_All"><span class="icon-start"><svg focusable="false"
                            xmlns="http://www.w3.org/2000/svg" width="24" height="24" viewBox="0 0 24 24">
                            <g fill="none" fill-rule="evenodd">
                              <path stroke="currentColor" stroke-linecap="round" stroke-linejoin="round"
                                stroke-width="2" vector-effect="non-scaling-stroke"
                                d="M18,8 C18,6.62 16.88,5.5 15.5,5.5 C14.12,5.5 13,6.62 13,8 C13,9.38 14.12,10.5 15.5,10.5 C16.88,10.5 18,9.38 18,8 Z M11,16 C11,14.62 9.88,13.5 8.5,13.5 C7.12,13.5 6,14.62 6,16 C6,17.38 7.12,18.5 8.5,18.5 C9.88,18.5 11,17.38 11,16 Z M21,8 L18,8 M13,8 L3,8 L13,8 Z M11,16 L21,16 L11,16 Z M3,16 L6,16 L3,16 Z"
                                transform="matrix(-1 0 0 1 24 0)"></path>
                            </g>
                          </svg></span>All<!-- --> </button></li>
                    <li class="Brand"><button class="sc-fd1034c6-0 jrWUKW chip-button chip-button" aria-pressed="false"
                        data-testid="filter_Brand">Brand<!-- --> </button></li>
                    <li class="Dietary"><button class="sc-fd1034c6-0 jrWUKW chip-button chip-button"
                        aria-pressed="false" data-testid="filter_Dietary">Dietary<!-- --> </button></li>
                    <li class="Allergen"><button class="sc-fd1034c6-0 jrWUKW chip-button chip-button"
                        aria-pressed="false" data-testid="filter_Allergen">Allergen<!-- --> </button></li>
                  </ul>
                </div>
              </div>
              <div class="sc-d6446c66-3 lanOlH coles-targeting-StylesSearchStylesSortWrapper">
                <div class="sc-b37aafcf-0 iiwgAA">
                  <div data-testid="pagination-info"
                    class="sc-b37aafcf-1 eOFlfH coles-targeting-SearchPagesTopBarNumberOfResults">1 - 24 of 66 results
                  </div>
                  <div data-testid="sort-select-wrapper" class="sc-b652a5bb-0 dpCWqz sort-dropdown sort-dropdown">
                    <div class="MuiFormControl-root mui-style-13sljp9">
                      <div data-testid="sort-select" aria-expanded="false" role="combobox"
                        class="MuiInputBase-root MuiInput-root MuiInput-underline MuiInputBase-colorPrimary MuiInputBase-formControl  mui-style-1x493w9">
                        <div tabindex="0" role="button" aria-expanded="false" aria-haspopup="listbox"
                          aria-label="Sort by Closest match Select to change"
                          class="MuiSelect-select MuiSelect-standard MuiInputBase-input MuiInput-input mui-style-1cccqvr">
                          Sort by: Closest match</div><input value="relevance" aria-hidden="true" tabindex="-1"
                          class="MuiSelect-nativeInput mui-style-1k3x8v3"><svg focusable="false"
                          xmlns="http://www.w3.org/2000/svg" width="24" height="24" viewBox="0 0 24 24"
                          class="MuiSelect-icon MuiSelect-iconStandard mui-style-1rb0eps">
                          <g fill="none" fill-rule="evenodd">
                            <polyline stroke="currentColor" stroke-linecap="round" stroke-linejoin="round"
                              stroke-width="2" vector-effect="non-scaling-stroke" points="18 10 12 16 6 10"></polyline>
                          </g>
                        </svg>
                      </div>
                    </div>
                  </div><button
                    class="sc-1a0c6950-0 inacIJ toggle-filter-drawer-button coles-targeting-ButtonButton button"
                    aria-label="Filter &amp; sort Select to change" data-testid="toggle-filter-drawer-button"><span
                      aria-hidden="false" class="sc-d01591ce-0 doDoww coles-targeting-ButtonButtonChildContainer"><svg
                        focusable="false" xmlns="http://www.w3.org/2000/svg" width="24" height="24" viewBox="0 0 24 24">
                        <g fill="none" fill-rule="evenodd">
                          <path stroke="currentColor" stroke-linecap="round" stroke-linejoin="round" stroke-width="2"
                            vector-effect="non-scaling-stroke"
                            d="M18,8 C18,6.62 16.88,5.5 15.5,5.5 C14.12,5.5 13,6.62 13,8 C13,9.38 14.12,10.5 15.5,10.5 C16.88,10.5 18,9.38 18,8 Z M11,16 C11,14.62 9.88,13.5 8.5,13.5 C7.12,13.5 6,14.62 6,16 C6,17.38 7.12,18.5 8.5,18.5 C9.88,18.5 11,17.38 11,16 Z M21,8 L18,8 M13,8 L3,8 L13,8 Z M11,16 L21,16 L11,16 Z M3,16 L6,16 L3,16 Z"
                            transform="matrix(-1 0 0 1 24 0)"></path>
                        </g>
                      </svg>Filter &amp; sort</span></button>
                </div>
              </div>
              <div class="sc-d6446c66-6 eziHfj coles-targeting-StylesSearchStylesProductResultsContainer"><a
                  href="#page-1"
                  class="sc-1a0c6950-0-a sc-eb3d8b24-0 bJvLWj ggWEPi coles-targeting-ButtonButton button coles-targeting-ButtonButton button"
                  data-testid="skip-button-anchor"><span aria-hidden="false"
                    class="sc-d01591ce-0 hzqFYF coles-targeting-ButtonButtonChildContainer">Skip to
                    pagination</span></a>
                <div data-testid="product-tiles"
                  class="sc-f1508986-6 gWIllG coles-targeting-StylesCategoryStylesProductListContainer">
                  <section data-testid="product-tile"
                    class="sc-cd26f304-1 eMqtFX coles-targeting-ProductTileProductTileWrapper">
                    <div class="sc-db96e1e2-0 gKiRyN coles-targeting-ProductTileHat coles-targeting-ProductTileHat"
                      data-testid="product-hat"></div>
                    <div class="sc-cd26f304-2 dipGkY coles-targeting-ProductTileHeaderWrapper">
                      <header class="product__header">
                        <div class="product__image_area"><a class="product__link product__image"
                            aria-label="Fresh Bananas | approx 180g"
                            href="/product/fresh-bananas-approx.-180g-each-409499"><span
                              style="box-sizing:border-box;display:inline-block;overflow:hidden;width:initial;height:initial;background:none;opacity:1;border:0;margin:0;padding:0;position:relative;max-width:100%"><span
                                style="box-sizing:border-box;display:block;width:initial;height:initial;background:none;opacity:1;border:0;margin:0;padding:0;max-width:100%"><img
                                  style="display:block;max-width:100%;width:initial;height:initial;background:none;opacity:1;border:0;margin:0;padding:0"
                                  alt="" aria-hidden="true"
                                  src="data:image/svg+xml,%3csvg%20xmlns=%27http://www.w3.org/2000/svg%27%20version=%271.1%27%20width=%27200%27%20height=%27200%27/%3e"></span><img
                                alt="Fresh Bananas | approx. 180g each" data-testid="product-image"
                                srcset="https://productimages.coles.com.au/productimages/4/409499.jpg?w=200 1x, https://productimages.coles.com.au/productimages/4/409499.jpg?w=200 2x"
                                src="https://productimages.coles.com.au/productimages/4/409499.jpg?w=200"
                                decoding="async" data-nimg="intrinsic"
                                style="position:absolute;top:0;left:0;bottom:0;right:0;box-sizing:border-box;padding:0;border:none;margin:auto;display:block;width:0;height:0;min-width:100%;max-width:100%;min-height:100%;max-height:100%"></span></a>
                        </div>
                        <div class="product__message-title_area"><a class="product__link" tabindex="-1"
                            href="/product/fresh-bananas-approx.-180g-each-409499">
                            <h2 class="LinesEllipsis  product__title">Fresh Bananas | approx 180g<wbr></h2>
                          </a>
                          <div aria-hidden="true" class="product__pricing_area show-on-small-screen"
                            data-testid="small-screen-pricing">
                            <section class="sc-a74e72d4-0 hdFZxN product__pricing product__pricing"
                              data-testid="product_price">
                              <div class="price"><span class="price__value" data-testid="product-pricing"
                                  aria-label="Price $0.72">$0.72</span></div>
                              <div class="price__calculation_method">$4.00 per 1kg</div><span
                                class="price__calculation_method__description">Final price is based on weight</span>
                            </section>
                            <div class="product__rating_area" data-testid="product-rating">
                              <div data-bv-show="inline_rating" data-bv-product-id="409499"></div>
                            </div>
                            <div role="status"></div>
                          </div>
                        </div>
                      </header>
                    </div>
                    <div class="product__cta_section">
                      <div aria-hidden="false" class="product__pricing_area hide-on-small-screen"
                        data-testid="large-screen-pricing">
                        <section class="sc-a74e72d4-0 hdFZxN product__pricing product__pricing"
                          data-testid="product_price">
                          <div class="price"><span class="price__value" data-testid="product-pricing"
                              aria-label="Price $0.72">$0.72</span></div>
                          <div class="price__calculation_method">$4.00 per 1kg</div><span
                            class="price__calculation_method__description">Final price is based on weight</span>
                        </section>
                        <div class="product__rating_area" data-testid="product-rating">
                          <div data-bv-show="inline_rating" data-bv-product-id="409499"></div>
                        </div>
                        <div role="status"></div>
                      </div>
                      <div data-testid="product-tile-cta-content">
                        <div class="product__lists_cta_wrapper">
                          <div data-testid="add-to-cart"
                            class="sc-bb8990ec-0 iPUtwI product__add_to_cart product__add_to_cart"><button
                              data-testid="add-to-cart-button" aria-label="Add Fresh Bananas to the trolley"
                              class="sc-1a0c6950-0 bPjHUF product-tiles-btn coles-targeting-ButtonButton button"><span
                                aria-hidden="false"
                                class="sc-d01591ce-0 doDoww coles-targeting-ButtonButtonChildContainer"><svg
                                  focusable="false" xmlns="http://www.w3.org/2000/svg" width="24" height="24"
                                  viewBox="0 0 24 24">
                                  <g fill="none" fill-rule="evenodd">
                                    <path stroke="currentColor" stroke-linecap="round" stroke-linejoin="round"
                                      stroke-width="2" vector-effect="non-scaling-stroke"
                                      d="M8,22 C8.55228475,22 9,21.5522847 9,21 C9,20.4477153 8.55228475,20 8,20 C7.44771525,20 7,20.4477153 7,21 C7,21.5522847 7.44771525,22 8,22 Z M18,22 C18.5522847,22 19,21.5522847 19,21 C19,20.4477153 18.5522847,20 18,20 C17.4477153,20 17,20.4477153 17,21 C17,21.5522847 17.4477153,22 18,22 Z M2,3 L4.5,3 L6.68,14.39 C6.86873697,15.3402315 7.71138394,16.0185624 8.68,16 L17.4,16 C18.3686161,16.0185624 19.211263,15.3402315 19.4,14.39 L21,7 M13,12 L13,6 M10,9 L16,9">
                                    </path>
                                  </g>
                                </svg>Add</span></button></div>
                        </div>
                      </div>
                    </div>
                  </section>
                  <div role="presentation" data-testid="ad"
                    class="sc-cb4b4fb3-0 juLGHj coles-targeting-citrusreactAdContainer">
                    <div>
                      <section data-testid="ad-tile" class="sc-c44d148e-0 iuRVFs">
                        <div class="product__image_area"><span
                            style="box-sizing:border-box;display:block;overflow:hidden;width:initial;height:initial;background:none;opacity:1;border:0;margin:0;padding:0;position:absolute;top:0;left:0;bottom:0;right:0"><img
                              alt="" data-testid="background-image" sizes="100vw"
                              srcset="/_next/image?url=https%3A%2F%2Fcoles.flavedo.io%2Fcitrus%2F34dde056-1e26-47b6-9f96-ff4a7415141d&amp;w=640&amp;q=75 640w, /_next/image?url=https%3A%2F%2Fcoles.flavedo.io%2Fcitrus%2F34dde056-1e26-47b6-9f96-ff4a7415141d&amp;w=750&amp;q=75 750w, /_next/image?url=https%3A%2F%2Fcoles.flavedo.io%2Fcitrus%2F34dde056-1e26-47b6-9f96-ff4a7415141d&amp;w=828&amp;q=75 828w, /_next/image?url=https%3A%2F%2Fcoles.flavedo.io%2Fcitrus%2F34dde056-1e26-47b6-9f96-ff4a7415141d&amp;w=1080&amp;q=75 1080w, /_next/image?url=https%3A%2F%2Fcoles.flavedo.io%2Fcitrus%2F34dde056-1e26-47b6-9f96-ff4a7415141d&amp;w=1200&amp;q=75 1200w, /_next/image?url=https%3A%2F%2Fcoles.flavedo.io%2Fcitrus%2F34dde056-1e26-47b6-9f96-ff4a7415141d&amp;w=1920&amp;q=75 1920w, /_next/image?url=https%3A%2F%2Fcoles.flavedo.io%2Fcitrus%2F34dde056-1e26-47b6-9f96-ff4a7415141d&amp;w=2048&amp;q=75 2048w, /_next/image?url=https%3A%2F%2Fcoles.flavedo.io%2Fcitrus%2F34dde056-1e26-47b6-9f96-ff4a7415141d&amp;w=3840&amp;q=75 3840w"
                              src="/_next/image?url=https%3A%2F%2Fcoles.flavedo.io%2Fcitrus%2F34dde056-1e26-47b6-9f96-ff4a7415141d&amp;w=3840&amp;q=75"
                              decoding="async" data-nimg="fill" class="product__background_image"
                              style="position:absolute;top:0;left:0;bottom:0;right:0;box-sizing:border-box;padding:0;border:none;margin:auto;display:block;width:0;height:0;min-width:100%;max-width:100%;min-height:100%;max-height:100%;object-fit:cover"></span><a
                            class="product__link" aria-label="Eat like a Super Hero, feel like one too!"
                            href="/browse/fruit-vegetables?pid=pr_Search_Tile_Super-Hero-Builders-Fresh-Food-Challenge"><span
                              style="box-sizing:border-box;display:block;overflow:hidden;width:initial;height:initial;background:none;opacity:1;border:0;margin:0;padding:0;position:absolute;top:0;left:0;bottom:0;right:0"><img
                                alt="Eat like a Super Hero, feel like one too!" data-testid="foreground-image"
                                sizes="100vw"
                                srcset="/_next/image?url=https%3A%2F%2Fcoles.flavedo.io%2Fcitrus%2F5f20b755-6d71-48fc-805c-56625456b9c3&amp;w=640&amp;q=75 640w, /_next/image?url=https%3A%2F%2Fcoles.flavedo.io%2Fcitrus%2F5f20b755-6d71-48fc-805c-56625456b9c3&amp;w=750&amp;q=75 750w, /_next/image?url=https%3A%2F%2Fcoles.flavedo.io%2Fcitrus%2F5f20b755-6d71-48fc-805c-56625456b9c3&amp;w=828&amp;q=75 828w, /_next/image?url=https%3A%2F%2Fcoles.flavedo.io%2Fcitrus%2F5f20b755-6d71-48fc-805c-56625456b9c3&amp;w=1080&amp;q=75 1080w, /_next/image?url=https%3A%2F%2Fcoles.flavedo.io%2Fcitrus%2F5f20b755-6d71-48fc-805c-56625456b9c3&amp;w=1200&amp;q=75 1200w, /_next/image?url=https%3A%2F%2Fcoles.flavedo.io%2Fcitrus%2F5f20b755-6d71-48fc-805c-56625456b9c3&amp;w=1920&amp;q=75 1920w, /_next/image?url=https%3A%2F%2Fcoles.flavedo.io%2Fcitrus%2F5f20b755-6d71-48fc-805c-56625456b9c3&amp;w=2048&amp;q=75 2048w, /_next/image?url=https%3A%2F%2Fcoles.flavedo.io%2Fcitrus%2F5f20b755-6d71-48fc-805c-56625456b9c3&amp;w=3840&amp;q=75 3840w"
                                src="/_next/image?url=https%3A%2F%2Fcoles.flavedo.io%2Fcitrus%2F5f20b755-6d71-48fc-805c-56625456b9c3&amp;w=3840&amp;q=75"
                                decoding="async" data-nimg="fill"
                                style="position:absolute;top:0;left:0;bottom:0;right:0;box-sizing:border-box;padding:0;border:none;margin:auto;display:block;width:0;height:0;min-width:100%;max-width:100%;min-height:100%;max-height:100%;object-fit:contain"></span></a>
                        </div>
                        <div class="product__title_area"><a class="product__link"
                            href="/browse/fruit-vegetables?pid=pr_Search_Tile_Super-Hero-Builders-Fresh-Food-Challenge">
                            <h2 class="product__title">Eat like a Super Hero, feel like one too!</h2>
                          </a>
                          <div class="product__description"><a class="product__link"
                              href="/browse/fruit-vegetables?pid=pr_Search_Tile_Super-Hero-Builders-Fresh-Food-Challenge">Tick
                              of all 35 food as you try to become a Fresh Food Super Hero. </a></div>
                        </div>
                        <div class="product__cta_section"><a style="text-align:center;line-height:1.1"
                            href="/browse/fruit-vegetables?pid=pr_Search_Tile_Super-Hero-Builders-Fresh-Food-Challenge"
                            aria-label="Shop now" target="_self"
                            class="sc-1a0c6950-0-a kQNfZn product__cta_btn coles-targeting-ButtonButton button"><span
                              aria-hidden="false"
                              class="sc-d01591ce-0 hzqFYF coles-targeting-ButtonButtonChildContainer">Shop
                              now</span></a></div>
                      </section>
                    </div>
                  </div>
                  <section data-testid="product-tile"
                    class="sc-cd26f304-1 eMqtFX coles-targeting-ProductTileProductTileWrapper">
                    <div class="sc-db96e1e2-0 gKiRyN coles-targeting-ProductTileHat coles-targeting-ProductTileHat"
                      data-testid="product-hat"></div>
                    <div class="sc-cd26f304-2 dipGkY coles-targeting-ProductTileHeaderWrapper">
                      <header class="product__header">
                        <div class="product__image_area"><a class="product__link product__image"
                            aria-label="Coles Kids Pack Bananas | 750g"
                            href="/product/coles-kids-pack-bananas-750g-2511791"><span
                              style="box-sizing:border-box;display:inline-block;overflow:hidden;width:initial;height:initial;background:none;opacity:1;border:0;margin:0;padding:0;position:relative;max-width:100%"><span
                                style="box-sizing:border-box;display:block;width:initial;height:initial;background:none;opacity:1;border:0;margin:0;padding:0;max-width:100%"><img
                                  style="display:block;max-width:100%;width:initial;height:initial;background:none;opacity:1;border:0;margin:0;padding:0"
                                  alt="" aria-hidden="true"
                                  src="data:image/svg+xml,%3csvg%20xmlns=%27http://www.w3.org/2000/svg%27%20version=%271.1%27%20width=%27200%27%20height=%27200%27/%3e"></span><img
                                alt="Coles Kids Pack Bananas | 750g" data-testid="product-image"
                                srcset="https://productimages.coles.com.au/productimages/2/2511791.jpg?w=200 1x, https://productimages.coles.com.au/productimages/2/2511791.jpg?w=200 2x"
                                src="https://productimages.coles.com.au/productimages/2/2511791.jpg?w=200"
                                decoding="async" data-nimg="intrinsic"
                                style="position:absolute;top:0;left:0;bottom:0;right:0;box-sizing:border-box;padding:0;border:none;margin:auto;display:block;width:0;height:0;min-width:100%;max-width:100%;min-height:100%;max-height:100%"></span></a>
                        </div>
                        <div class="product__message-title_area"><a class="product__link" tabindex="-1"
                            href="/product/coles-kids-pack-bananas-750g-2511791">
                            <h2 class="LinesEllipsis  product__title">Coles Kids Pack Bananas | 750g<wbr></h2>
                          </a>
                          <div aria-hidden="true" class="product__pricing_area show-on-small-screen"
                            data-testid="small-screen-pricing">
                            <section class="sc-a74e72d4-0 hdFZxN product__pricing product__pricing"
                              data-testid="product_price">
                              <div class="price"><span class="price__value" data-testid="product-pricing"
                                  aria-label="Price $4.00">$4.00</span></div>
                              <div class="price__calculation_method">$5.33 per 1kg</div>
                            </section>
                            <div class="product__rating_area" data-testid="product-rating">
                              <div data-bv-show="inline_rating" data-bv-product-id="2511791"></div>
                            </div>
                            <div role="status"></div>
                          </div>
                        </div>
                      </header>
                    </div>
                    <div class="product__cta_section">
                      <div aria-hidden="false" class="product__pricing_area hide-on-small-screen"
                        data-testid="large-screen-pricing">
                        <section class="sc-a74e72d4-0 hdFZxN product__pricing product__pricing"
                          data-testid="product_price">
                          <div class="price"><span class="price__value" data-testid="product-pricing"
                              aria-label="Price $4.00">$4.00</span></div>
                          <div class="price__calculation_method">$5.33 per 1kg</div>
                        </section>
                        <div class="product__rating_area" data-testid="product-rating">
                          <div data-bv-show="inline_rating" data-bv-product-id="2511791"></div>
                        </div>
                        <div role="status"></div>
                      </div>
                      <div data-testid="product-tile-cta-content">
                        <div class="product__lists_cta_wrapper">
                          <div data-testid="add-to-cart"
                            class="sc-bb8990ec-0 iPUtwI product__add_to_cart product__add_to_cart"><button
                              data-testid="add-to-cart-button" aria-label="Add Coles Kids Pack Bananas to the trolley"
                              class="sc-1a0c6950-0 bPjHUF product-tiles-btn coles-targeting-ButtonButton button"><span
                                aria-hidden="false"
                                class="sc-d01591ce-0 doDoww coles-targeting-ButtonButtonChildContainer"><svg
                                  focusable="false" xmlns="http://www.w3.org/2000/svg" width="24" height="24"
                                  viewBox="0 0 24 24">
                                  <g fill="none" fill-rule="evenodd">
                                    <path stroke="currentColor" stroke-linecap="round" stroke-linejoin="round"
                                      stroke-width="2" vector-effect="non-scaling-stroke"
                                      d="M8,22 C8.55228475,22 9,21.5522847 9,21 C9,20.4477153 8.55228475,20 8,20 C7.44771525,20 7,20.4477153 7,21 C7,21.5522847 7.44771525,22 8,22 Z M18,22 C18.5522847,22 19,21.5522847 19,21 C19,20.4477153 18.5522847,20 18,20 C17.4477153,20 17,20.4477153 17,21 C17,21.5522847 17.4477153,22 18,22 Z M2,3 L4.5,3 L6.68,14.39 C6.86873697,15.3402315 7.71138394,16.0185624 8.68,16 L17.4,16 C18.3686161,16.0185624 19.211263,15.3402315 19.4,14.39 L21,7 M13,12 L13,6 M10,9 L16,9">
                                    </path>
                                  </g>
                                </svg>Add</span></button></div>
                        </div>
                      </div>
                    </div>
                  </section>
                  <section data-testid="product-tile"
                    class="sc-cd26f304-1 eMqtFX coles-targeting-ProductTileProductTileWrapper">
                    <div class="sc-db96e1e2-0 gKiRyN coles-targeting-ProductTileHat coles-targeting-ProductTileHat"
                      data-testid="product-hat"></div>
                    <div class="sc-cd26f304-2 dipGkY coles-targeting-ProductTileHeaderWrapper">
                      <header class="product__header">
                        <div class="product__image_area"><a class="product__link product__image"
                            aria-label="Coles Lady Finger Bananas | approx 160g"
                            href="/product/coles-lady-finger-bananas-approx.-160g-each-132056"><span
                              style="box-sizing:border-box;display:inline-block;overflow:hidden;width:initial;height:initial;background:none;opacity:1;border:0;margin:0;padding:0;position:relative;max-width:100%"><span
                                style="box-sizing:border-box;display:block;width:initial;height:initial;background:none;opacity:1;border:0;margin:0;padding:0;max-width:100%"><img
                                  style="display:block;max-width:100%;width:initial;height:initial;background:none;opacity:1;border:0;margin:0;padding:0"
                                  alt="" aria-hidden="true"
                                  src="data:image/svg+xml,%3csvg%20xmlns=%27http://www.w3.org/2000/svg%27%20version=%271.1%27%20width=%27200%27%20height=%27200%27/%3e"></span><img
                                alt="Coles Lady Finger Bananas | approx. 160g each" data-testid="product-image"
                                srcset="https://productimages.coles.com.au/productimages/1/132056.jpg?w=200 1x, https://productimages.coles.com.au/productimages/1/132056.jpg?w=200 2x"
                                src="https://productimages.coles.com.au/productimages/1/132056.jpg?w=200"
                                decoding="async" data-nimg="intrinsic"
                                style="position:absolute;top:0;left:0;bottom:0;right:0;box-sizing:border-box;padding:0;border:none;margin:auto;display:block;width:0;height:0;min-width:100%;max-width:100%;min-height:100%;max-height:100%"></span></a>
                        </div>
                        <div class="product__message-title_area"><a class="product__link" tabindex="-1"
                            href="/product/coles-lady-finger-bananas-approx.-160g-each-132056">
                            <h2 class="LinesEllipsis  product__title">Coles Lady Finger Bananas | approx 160g<wbr></h2>
                          </a>
                          <div aria-hidden="true" class="product__pricing_area show-on-small-screen"
                            data-testid="small-screen-pricing">
                            <section class="sc-a74e72d4-0 hdFZxN product__pricing product__pricing"
                              data-testid="product_price">
                              <div class="price"><span class="price__value" data-testid="product-pricing"
                                  aria-label="Price $1.28">$1.28</span></div>
                              <div class="price__calculation_method">$8.00 per 1kg</div><span
                                class="price__calculation_method__description">Final price is based on weight</span>
                            </section>
                            <div class="product__rating_area" data-testid="product-rating">
                              <div data-bv-show="inline_rating" data-bv-product-id="132056"></div>
                            </div>
                            <div role="status"></div>
                          </div>
                        </div>
                      </header>
                    </div>
                    <div class="product__cta_section">
                      <div aria-hidden="false" class="product__pricing_area hide-on-small-screen"
                        data-testid="large-screen-pricing">
                        <section class="sc-a74e72d4-0 hdFZxN product__pricing product__pricing"
                          data-testid="product_price">
                          <div class="price"><span class="price__value" data-testid="product-pricing"
                              aria-label="Price $1.28">$1.28</span></div>
                          <div class="price__calculation_method">$8.00 per 1kg</div><span
                            class="price__calculation_method__description">Final price is based on weight</span>
                        </section>
                        <div class="product__rating_area" data-testid="product-rating">
                          <div data-bv-show="inline_rating" data-bv-product-id="132056"></div>
                        </div>
                        <div role="status"></div>
                      </div>
                      <div data-testid="product-tile-cta-content">
                        <div class="product__lists_cta_wrapper">
                          <div data-testid="add-to-cart"
                            class="sc-bb8990ec-0 iPUtwI product__add_to_cart product__add_to_cart"><button
                              data-testid="add-to-cart-button" aria-label="Add Coles Lady Finger Bananas to the trolley"
                              class="sc-1a0c6950-0 bPjHUF product-tiles-btn coles-targeting-ButtonButton button"><span
                                aria-hidden="false"
                                class="sc-d01591ce-0 doDoww coles-targeting-ButtonButtonChildContainer"><svg
                                  focusable="false" xmlns="http://www.w3.org/2000/svg" width="24" height="24"
                                  viewBox="0 0 24 24">
                                  <g fill="none" fill-rule="evenodd">
                                    <path stroke="currentColor" stroke-linecap="round" stroke-linejoin="round"
                                      stroke-width="2" vector-effect="non-scaling-stroke"
                                      d="M8,22 C8.55228475,22 9,21.5522847 9,21 C9,20.4477153 8.55228475,20 8,20 C7.44771525,20 7,20.4477153 7,21 C7,21.5522847 7.44771525,22 8,22 Z M18,22 C18.5522847,22 19,21.5522847 19,21 C19,20.4477153 18.5522847,20 18,20 C17.4477153,20 17,20.4477153 17,21 C17,21.5522847 17.4477153,22 18,22 Z M2,3 L4.5,3 L6.68,14.39 C6.86873697,15.3402315 7.71138394,16.0185624 8.68,16 L17.4,16 C18.3686161,16.0185624 19.211263,15.3402315 19.4,14.39 L21,7 M13,12 L13,6 M10,9 L16,9">
                                    </path>
                                  </g>
                                </svg>Add</span></button></div>
                        </div>
                      </div>
                    </div>
                  </section>
                  <section data-testid="product-tile"
                    class="sc-cd26f304-1 eMqtFX coles-targeting-ProductTileProductTileWrapper">
                    <div class="sc-db96e1e2-0 gKiRyN coles-targeting-ProductTileHat coles-targeting-ProductTileHat"
                      data-testid="product-hat"></div>
                    <div class="sc-cd26f304-2 dipGkY coles-targeting-ProductTileHeaderWrapper">
                      <header class="product__header">
                        <div class="product__image_area"><a class="product__link product__image"
                            aria-label="Coles Bananas Red Tipped | approx 180g"
                            href="/product/coles-bananas-red-tipped-approx.-180g-each-9174565"><span
                              style="box-sizing:border-box;display:inline-block;overflow:hidden;width:initial;height:initial;background:none;opacity:1;border:0;margin:0;padding:0;position:relative;max-width:100%"><span
                                style="box-sizing:border-box;display:block;width:initial;height:initial;background:none;opacity:1;border:0;margin:0;padding:0;max-width:100%"><img
                                  style="display:block;max-width:100%;width:initial;height:initial;background:none;opacity:1;border:0;margin:0;padding:0"
                                  alt="" aria-hidden="true"
                                  src="data:image/svg+xml,%3csvg%20xmlns=%27http://www.w3.org/2000/svg%27%20version=%271.1%27%20width=%27200%27%20height=%27200%27/%3e"></span><img
                                alt="Coles Bananas Red Tipped | approx. 180g each" data-testid="product-image"
                                srcset="https://productimages.coles.com.au/productimages/9/9174565.jpg?w=200 1x, https://productimages.coles.com.au/productimages/9/9174565.jpg?w=200 2x"
                                src="https://productimages.coles.com.au/productimages/9/9174565.jpg?w=200"
                                decoding="async" data-nimg="intrinsic"
                                style="position:absolute;top:0;left:0;bottom:0;right:0;box-sizing:border-box;padding:0;border:none;margin:auto;display:block;width:0;height:0;min-width:100%;max-width:100%;min-height:100%;max-height:100%"></span></a>
                        </div>
                        <div class="product__message-title_area"><a class="product__link" tabindex="-1"
                            href="/product/coles-bananas-red-tipped-approx.-180g-each-9174565">
                            <h2 class="LinesEllipsis  product__title">Coles Bananas Red Tipped | approx 180g<wbr></h2>
                          </a>
                          <div aria-hidden="true" class="product__pricing_area show-on-small-screen"
                            data-testid="small-screen-pricing">
                            <section class="sc-a74e72d4-0 hdFZxN product__pricing product__pricing"
                              data-testid="product_price">
                              <div class="price"><span class="price__value" data-testid="product-pricing"
                                  aria-label="Price $0.99">$0.99</span></div>
                              <div class="price__calculation_method">$5.50 per 1kg</div><span
                                class="price__calculation_method__description">Final price is based on weight</span>
                            </section>
                            <div class="product__rating_area" data-testid="product-rating">
                              <div data-bv-show="inline_rating" data-bv-product-id="9174565"></div>
                            </div>
                            <div role="status"></div>
                          </div>
                        </div>
                      </header>
                    </div>
                    <div class="product__cta_section">
                      <div aria-hidden="false" class="product__pricing_area hide-on-small-screen"
                        data-testid="large-screen-pricing">
                        <section class="sc-a74e72d4-0 hdFZxN product__pricing product__pricing"
                          data-testid="product_price">
                          <div class="price"><span class="price__value" data-testid="product-pricing"
                              aria-label="Price $0.99">$0.99</span></div>
                          <div class="price__calculation_method">$5.50 per 1kg</div><span
                            class="price__calculation_method__description">Final price is based on weight</span>
                        </section>
                        <div class="product__rating_area" data-testid="product-rating">
                          <div data-bv-show="inline_rating" data-bv-product-id="9174565"></div>
                        </div>
                        <div role="status"></div>
                      </div>
                      <div data-testid="product-tile-cta-content">
                        <div class="product__lists_cta_wrapper">
                          <div data-testid="add-to-cart"
                            class="sc-bb8990ec-0 iPUtwI product__add_to_cart product__add_to_cart"><button
                              data-testid="add-to-cart-button" aria-label="Add Coles Bananas Red Tipped to the trolley"
                              class="sc-1a0c6950-0 bPjHUF product-tiles-btn coles-targeting-ButtonButton button"><span
                                aria-hidden="false"
                                class="sc-d01591ce-0 doDoww coles-targeting-ButtonButtonChildContainer"><svg
                                  focusable="false" xmlns="http://www.w3.org/2000/svg" width="24" height="24"
                                  viewBox="0 0 24 24">
                                  <g fill="none" fill-rule="evenodd">
                                    <path stroke="currentColor" stroke-linecap="round" stroke-linejoin="round"
                                      stroke-width="2" vector-effect="non-scaling-stroke"
                                      d="M8,22 C8.55228475,22 9,21.5522847 9,21 C9,20.4477153 8.55228475,20 8,20 C7.44771525,20 7,20.4477153 7,21 C7,21.5522847 7.44771525,22 8,22 Z M18,22 C18.5522847,22 19,21.5522847 19,21 C19,20.4477153 18.5522847,20 18,20 C17.4477153,20 17,20.4477153 17,21 C17,21.5522847 17.4477153,22 18,22 Z M2,3 L4.5,3 L6.68,14.39 C6.86873697,15.3402315 7.71138394,16.0185624 8.68,16 L17.4,16 C18.3686161,16.0185624 19.211263,15.3402315 19.4,14.39 L21,7 M13,12 L13,6 M10,9 L16,9">
                                    </path>
                                  </g>
                                </svg>Add</span></button></div>
                        </div>
                      </div>
                    </div>
                  </section>
                  <section data-testid="product-tile"
                    class="sc-cd26f304-1 eMqtFX coles-targeting-ProductTileProductTileWrapper">
                    <div class="sc-db96e1e2-0 gKiRyN coles-targeting-ProductTileHat coles-targeting-ProductTileHat"
                      data-testid="product-hat"></div>
                    <div class="sc-cd26f304-2 dipGkY coles-targeting-ProductTileHeaderWrapper">
                      <header class="product__header">
                        <div class="product__image_area"><a class="product__link product__image"
                            aria-label="Coles Organic Bananas | approx 180g"
                            href="/product/coles-organic-bananas-approx.-180g-each-1039770"><span
                              style="box-sizing:border-box;display:inline-block;overflow:hidden;width:initial;height:initial;background:none;opacity:1;border:0;margin:0;padding:0;position:relative;max-width:100%"><span
                                style="box-sizing:border-box;display:block;width:initial;height:initial;background:none;opacity:1;border:0;margin:0;padding:0;max-width:100%"><img
                                  style="display:block;max-width:100%;width:initial;height:initial;background:none;opacity:1;border:0;margin:0;padding:0"
                                  alt="" aria-hidden="true"
                                  src="data:image/svg+xml,%3csvg%20xmlns=%27http://www.w3.org/2000/svg%27%20version=%271.1%27%20width=%27200%27%20height=%27200%27/%3e"></span><img
                                alt="Coles Organic Bananas | approx. 180g each" data-testid="product-image"
                                src="data:image/gif;base64,R0lGODlhAQABAIAAAAAAAP///yH5BAEAAAAALAAAAAABAAEAAAIBRAA7"
                                decoding="async" data-nimg="intrinsic"
                                style="position:absolute;top:0;left:0;bottom:0;right:0;box-sizing:border-box;padding:0;border:none;margin:auto;display:block;width:0;height:0;min-width:100%;max-width:100%;min-height:100%;max-height:100%"><noscript><img
                                  alt="Coles Organic Bananas | approx. 180g each" data-testid="product-image"
                                  srcSet="https://productimages.coles.com.au/productimages/1/1039770.jpg?w=200 1x, https://productimages.coles.com.au/productimages/1/1039770.jpg?w=200 2x"
                                  src="https://productimages.coles.com.au/productimages/1/1039770.jpg?w=200"
                                  decoding="async" data-nimg="intrinsic"
                                  style="position:absolute;top:0;left:0;bottom:0;right:0;box-sizing:border-box;padding:0;border:none;margin:auto;display:block;width:0;height:0;min-width:100%;max-width:100%;min-height:100%;max-height:100%"
                                  loading="lazy" /></noscript></span></a></div>
                        <div class="product__message-title_area"><a class="product__link" tabindex="-1"
                            href="/product/coles-organic-bananas-approx.-180g-each-1039770">
                            <h2 class="LinesEllipsis  product__title">Coles Organic Bananas | approx 180g<wbr></h2>
                          </a>
                          <div aria-hidden="true" class="product__pricing_area show-on-small-screen"
                            data-testid="small-screen-pricing">
                            <section class="sc-a74e72d4-0 hdFZxN product__pricing product__pricing"
                              data-testid="product_price">
                              <div class="price"><span class="price__value" data-testid="product-pricing"
                                  aria-label="Price $1.08">$1.08</span></div>
                              <div class="price__calculation_method">$6.00 per 1kg</div><span
                                class="price__calculation_method__description">Final price is based on weight</span>
                            </section>
                            <div class="product__rating_area" data-testid="product-rating">
                              <div data-bv-show="inline_rating" data-bv-product-id="1039770"></div>
                            </div>
                            <div role="status"></div>
                          </div>
                        </div>
                      </header>
                    </div>
                    <div class="product__cta_section">
                      <div aria-hidden="false" class="product__pricing_area hide-on-small-screen"
                        data-testid="large-screen-pricing">
                        <section class="sc-a74e72d4-0 hdFZxN product__pricing product__pricing"
                          data-testid="product_price">
                          <div class="price"><span class="price__value" data-testid="product-pricing"
                              aria-label="Price $1.08">$1.08</span></div>
                          <div class="price__calculation_method">$6.00 per 1kg</div><span
                            class="price__calculation_method__description">Final price is based on weight</span>
                        </section>
                        <div class="product__rating_area" data-testid="product-rating">
                          <div data-bv-show="inline_rating" data-bv-product-id="1039770"></div>
                        </div>
                        <div role="status"></div>
                      </div>
                      <div data-testid="product-tile-cta-content">
                        <div class="product__lists_cta_wrapper">
                          <div data-testid="add-to-cart"
                            class="sc-bb8990ec-0 iPUtwI product__add_to_cart product__add_to_cart"><button
                              data-testid="add-to-cart-button" aria-label="Add Coles Organic Bananas to the trolley"
                              class="sc-1a0c6950-0 bPjHUF product-tiles-btn coles-targeting-ButtonButton button"><span
                                aria-hidden="false"
                                class="sc-d01591ce-0 doDoww coles-targeting-ButtonButtonChildContainer"><svg
                                  focusable="false" xmlns="http://www.w3.org/2000/svg" width="24" height="24"
                                  viewBox="0 0 24 24">
                                  <g fill="none" fill-rule="evenodd">
                                    <path stroke="currentColor" stroke-linecap="round" stroke-linejoin="round"
                                      stroke-width="2" vector-effect="non-scaling-stroke"
                                      d="M8,22 C8.55228475,22 9,21.5522847 9,21 C9,20.4477153 8.55228475,20 8,20 C7.44771525,20 7,20.4477153 7,21 C7,21.5522847 7.44771525,22 8,22 Z M18,22 C18.5522847,22 19,21.5522847 19,21 C19,20.4477153 18.5522847,20 18,20 C17.4477153,20 17,20.4477153 17,21 C17,21.5522847 17.4477153,22 18,22 Z M2,3 L4.5,3 L6.68,14.39 C6.86873697,15.3402315 7.71138394,16.0185624 8.68,16 L17.4,16 C18.3686161,16.0185624 19.211263,15.3402315 19.4,14.39 L21,7 M13,12 L13,6 M10,9 L16,9">
                                    </path>
                                  </g>
                                </svg>Add</span></button></div>
                        </div>
                      </div>
                    </div>
                  </section>
                  <section data-testid="product-tile"
                    class="sc-cd26f304-1 iwnChu coles-targeting-ProductTileProductTileWrapper">
                    <div
                      class="sc-db96e1e2-0 gKiRyN coles-targeting-ProductTileHat is-special coles-targeting-ProductTileHat is-special"
                      data-testid="product-hat">Special</div>
                    <div class="sc-cd26f304-2 dipGkY coles-targeting-ProductTileHeaderWrapper">
                      <header class="product__header">
                        <div class="product__image_area"><a class="product__link product__image"
                            aria-label="Oob Organic Frozen Banana | 450g"
                            href="/product/oob-organic-frozen-banana-450g-3987844"><span
                              style="box-sizing:border-box;display:inline-block;overflow:hidden;width:initial;height:initial;background:none;opacity:1;border:0;margin:0;padding:0;position:relative;max-width:100%"><span
                                style="box-sizing:border-box;display:block;width:initial;height:initial;background:none;opacity:1;border:0;margin:0;padding:0;max-width:100%"><img
                                  style="display:block;max-width:100%;width:initial;height:initial;background:none;opacity:1;border:0;margin:0;padding:0"
                                  alt="" aria-hidden="true"
                                  src="data:image/svg+xml,%3csvg%20xmlns=%27http://www.w3.org/2000/svg%27%20version=%271.1%27%20width=%27200%27%20height=%27200%27/%3e"></span><img
                                alt="Oob Organic Frozen Banana | 450g" data-testid="product-image"
                                src="data:image/gif;base64,R0lGODlhAQABAIAAAAAAAP///yH5BAEAAAAALAAAAAABAAEAAAIBRAA7"
                                decoding="async" data-nimg="intrinsic"
                                style="position:absolute;top:0;left:0;bottom:0;right:0;box-sizing:border-box;padding:0;border:none;margin:auto;display:block;width:0;height:0;min-width:100%;max-width:100%;min-height:100%;max-height:100%"><noscript><img
                                  alt="Oob Organic Frozen Banana | 450g" data-testid="product-image"
                                  srcSet="https://productimages.coles.com.au/productimages/3/3987844.jpg?w=200 1x, https://productimages.coles.com.au/productimages/3/3987844.jpg?w=200 2x"
                                  src="https://productimages.coles.com.au/productimages/3/3987844.jpg?w=200"
                                  decoding="async" data-nimg="intrinsic"
                                  style="position:absolute;top:0;left:0;bottom:0;right:0;box-sizing:border-box;padding:0;border:none;margin:auto;display:block;width:0;height:0;min-width:100%;max-width:100%;min-height:100%;max-height:100%"
                                  loading="lazy" /></noscript></span></a></div>
                        <div class="product__message-title_area"><a class="product__link" tabindex="-1"
                            href="/product/oob-organic-frozen-banana-450g-3987844">
                            <h2 class="LinesEllipsis  product__title">Oob Organic Frozen Banana | 450g<wbr></h2>
                          </a><span data-testid="multi_save"
                            class="sc-3d9feb9c-0 lcdPHl product__badge product__badge"><span
                              class="roundel-text multi_save">SPECIAL</span></span>
                          <div aria-hidden="true" class="product__pricing_area show-on-small-screen"
                            data-testid="small-screen-pricing">
                            <section class="sc-a74e72d4-0 hdFZxN product__pricing product__pricing"
                              data-testid="product_price">
                              <div class="price"><span class="price__value" data-testid="product-pricing"
                                  aria-label="Price $8.00">$8.00</span></div>
                              <div class="price__calculation_method">$1.78 per 100g</div>
                            </section>
                            <div class="product__rating_area" data-testid="product-rating">
                              <div data-bv-show="inline_rating" data-bv-product-id="3987844"></div>
                            </div>
                            <div class="sc-cd26f304-8 drqhju coles-targeting-ProductTileMultiBuyContainer">
                              <div class="product__offers_description" data-testid="offers"><span
                                  class="product_promotion complex"><button data-testid="complex-promotion-link"
                                    class="sc-51aa5295-0 sc-51aa5295-1 sc-cd26f304-5 cHvTlj dhaZI caCUyh coles-targeting-LinkLinkInternal link coles-targeting-LinkLinkInternal link coles-targeting-LinkLinkInternal link coles-targeting-LinkLinkInternal link"
                                    tabindex="0" target="">Pick any 2 for $14</button></span></div>
                            </div>
                            <div role="status"></div>
                          </div>
                        </div>
                      </header>
                    </div>
                    <div class="product__cta_section">
                      <div aria-hidden="false" class="product__pricing_area hide-on-small-screen"
                        data-testid="large-screen-pricing">
                        <section class="sc-a74e72d4-0 hdFZxN product__pricing product__pricing"
                          data-testid="product_price">
                          <div class="price"><span class="price__value" data-testid="product-pricing"
                              aria-label="Price $8.00">$8.00</span></div>
                          <div class="price__calculation_method">$1.78 per 100g</div>
                        </section>
                        <div class="product__rating_area" data-testid="product-rating">
                          <div data-bv-show="inline_rating" data-bv-product-id="3987844"></div>
                        </div>
                        <div class="sc-cd26f304-8 drqhju coles-targeting-ProductTileMultiBuyContainer">
                          <div class="product__offers_description" data-testid="offers"><span
                              class="product_promotion complex"><button data-testid="complex-promotion-link"
                                class="sc-51aa5295-0 sc-51aa5295-1 sc-cd26f304-5 cHvTlj dhaZI caCUyh coles-targeting-LinkLinkInternal link coles-targeting-LinkLinkInternal link coles-targeting-LinkLinkInternal link coles-targeting-LinkLinkInternal link"
                                tabindex="0" target="">Pick any 2 for $14</button></span></div>
                        </div>
                        <div role="status"></div>
                      </div>
                      <div data-testid="product-tile-cta-content">
                        <div class="product__lists_cta_wrapper">
                          <div data-testid="add-to-cart"
                            class="sc-bb8990ec-0 iPUtwI product__add_to_cart product__add_to_cart"><button
                              data-testid="add-to-cart-button" aria-label="Add Oob Organic Frozen Banana to the trolley"
                              class="sc-1a0c6950-0 bPjHUF product-tiles-btn coles-targeting-ButtonButton button"><span
                                aria-hidden="false"
                                class="sc-d01591ce-0 doDoww coles-targeting-ButtonButtonChildContainer"><svg
                                  focusable="false" xmlns="http://www.w3.org/2000/svg" width="24" height="24"
                                  viewBox="0 0 24 24">
                                  <g fill="none" fill-rule="evenodd">
                                    <path stroke="currentColor" stroke-linecap="round" stroke-linejoin="round"
                                      stroke-width="2" vector-effect="non-scaling-stroke"
                                      d="M8,22 C8.55228475,22 9,21.5522847 9,21 C9,20.4477153 8.55228475,20 8,20 C7.44771525,20 7,20.4477153 7,21 C7,21.5522847 7.44771525,22 8,22 Z M18,22 C18.5522847,22 19,21.5522847 19,21 C19,20.4477153 18.5522847,20 18,20 C17.4477153,20 17,20.4477153 17,21 C17,21.5522847 17.4477153,22 18,22 Z M2,3 L4.5,3 L6.68,14.39 C6.86873697,15.3402315 7.71138394,16.0185624 8.68,16 L17.4,16 C18.3686161,16.0185624 19.211263,15.3402315 19.4,14.39 L21,7 M13,12 L13,6 M10,9 L16,9">
                                    </path>
                                  </g>
                                </svg>Add</span></button></div>
                        </div>
                      </div>
                    </div>
                  </section>
                  <section data-testid="product-tile"
                    class="sc-cd26f304-1 eMqtFX coles-targeting-ProductTileProductTileWrapper">
                    <div class="sc-db96e1e2-0 gKiRyN coles-targeting-ProductTileHat coles-targeting-ProductTileHat"
                      data-testid="product-hat"></div>
                    <div class="sc-cd26f304-2 dipGkY coles-targeting-ProductTileHeaderWrapper">
                      <header class="product__header">
                        <div class="product__image_area"><a class="product__link product__image"
                            aria-label="Lifesavers Bananas                                                                                                                          | 160g"
                            href="/product/lifesavers-bananas-160g-5556581"><span
                              style="box-sizing:border-box;display:inline-block;overflow:hidden;width:initial;height:initial;background:none;opacity:1;border:0;margin:0;padding:0;position:relative;max-width:100%"><span
                                style="box-sizing:border-box;display:block;width:initial;height:initial;background:none;opacity:1;border:0;margin:0;padding:0;max-width:100%"><img
                                  style="display:block;max-width:100%;width:initial;height:initial;background:none;opacity:1;border:0;margin:0;padding:0"
                                  alt="" aria-hidden="true"
                                  src="data:image/svg+xml,%3csvg%20xmlns=%27http://www.w3.org/2000/svg%27%20version=%271.1%27%20width=%27200%27%20height=%27200%27/%3e"></span><img
                                alt="Lifesavers Bananas                                                                                                                          | 160g"
                                data-testid="product-image"
                                src="data:image/gif;base64,R0lGODlhAQABAIAAAAAAAP///yH5BAEAAAAALAAAAAABAAEAAAIBRAA7"
                                decoding="async" data-nimg="intrinsic"
                                style="position:absolute;top:0;left:0;bottom:0;right:0;box-sizing:border-box;padding:0;border:none;margin:auto;display:block;width:0;height:0;min-width:100%;max-width:100%;min-height:100%;max-height:100%"><noscript><img
                                  alt="Lifesavers Bananas                                                                                                                          | 160g"
                                  data-testid="product-image"
                                  srcSet="https://productimages.coles.com.au/productimages/5/5556581.jpg?w=200 1x, https://productimages.coles.com.au/productimages/5/5556581.jpg?w=200 2x"
                                  src="https://productimages.coles.com.au/productimages/5/5556581.jpg?w=200"
                                  decoding="async" data-nimg="intrinsic"
                                  style="position:absolute;top:0;left:0;bottom:0;right:0;box-sizing:border-box;padding:0;border:none;margin:auto;display:block;width:0;height:0;min-width:100%;max-width:100%;min-height:100%;max-height:100%"
                                  loading="lazy" /></noscript></span></a></div>
                        <div class="product__message-title_area"><a class="product__link" tabindex="-1"
                            href="/product/lifesavers-bananas-160g-5556581">
                            <h2 class="LinesEllipsis  product__title">Lifesavers Bananas | 160g<wbr></h2>
                          </a><span data-testid="collectables"
                            class="sc-3d9feb9c-0 gKnQxv product__badge product__badge"
                            aria-label="Bonus character*"><svg xmlns="http://www.w3.org/2000/svg"
                              xmlns:xlink="http://www.w3.org/1999/xlink" viewBox="0 0 51 51">
                              <style>
                                .D {
                                  clip-path: url(#L)
                                }

                                .E {
                                  clip-path: url(#N)
                                }

                                .F {
                                  stroke: #00303b
                                }

                                .G {
                                  stroke-linejoin: round
                                }

                                .H {
                                  stroke-miterlimit: 2.29
                                }

                                .I {
                                  stroke-width: 1.81
                                }
                              </style>
                              <defs>
                                <path id="A"
                                  d="M.2 25.5C.2 39.6 11.6 51 25.6 51S51 39.6 51 25.6C51 11.5 39.6.2 25.6.2S.2 11.5.2 25.5">
                                </path>
                                <path id="B"
                                  d="M10.5 20.6h3.1c.9 0 1.6.2 2 .6.5.4.8.9.8 1.6 0 .6-.3 1.3-1 1.7 1.4.5 1.4 1.6 1.4 2 0 .7-.3 1.4-.8 1.8-.8.6-1.3.7-2.8.7h-2.8v-8.4zm2.2 3.2h.8c.1 0 .4 0 .6-.1s.3-.3.3-.6-.1-.5-.3-.6-.4-.1-.6-.1h-.8v1.4zm0 3.3h1c.1 0 .4 0 .6-.1s.4-.3.4-.7-.2-.5-.4-.6-.5-.1-.7-.1h-1v1.5z">
                                </path>
                                <path id="C"
                                  d="M41.2 24.5c0-.1 0-.5-.6-.5-.4 0-.5.3-.5.4 0 .3.5.5 1 .6 1.1.3 2.2.6 2.2 2s-1.2 2.2-2.6 2.2c-1 0-2.4-.4-2.6-2.1H40c.1.6.6.6.7.6.3 0 .7-.2.7-.5 0-.4-.5-.5-1.7-1-.8-.3-1.5-.8-1.5-1.7 0-1.3 1.1-2.1 2.4-2.1.8 0 2.3.3 2.4 2h-1.8z">
                                </path>
                                <path id="D"
                                  d="M11.1 35.4c-.2 1-1.1 1.8-2.3 1.8a2.26 2.26 0 0 1-2.3-2.3 2.26 2.26 0 0 1 2.3-2.3c1.1 0 2.1.8 2.3 1.8H9.8c-.1-.3-.4-.6-.9-.6-.3 0-.6.1-.7.3-.2.2-.3.5-.3.8 0 .6.4 1.1 1 1.1.5 0 .8-.3.9-.6h1.3z">
                                </path>
                                <path id="E"
                                  d="M11.5 31.3h1.3v1.8c.2-.4.7-.5 1.1-.5.7 0 1 .2 1.3.6.2.4.3.9.3 1.4V37h-1.3v-2.3c0-.2 0-.5-.1-.6-.1-.2-.3-.3-.6-.3-.4 0-.5.2-.6.3-.1.2-.1.4-.1.5V37h-1.3v-5.7z">
                                </path>
                                <path id="F" d="M21.5 32.7h1.2v.5c.1-.2.3-.6 1.1-.6v1.3c-.7 0-1 .2-1 .8V37h-1.3v-4.3z">
                                </path>
                                <path id="G"
                                  d="M28.5 37.1h-1.3v-.5c-.2.4-.7.6-1.2.6-1.4 0-2.2-1.1-2.2-2.3 0-1.4 1-2.3 2.2-2.3.7 0 1.1.3 1.3.6v-.5h1.3v4.4zm-3.4-2.2c0 .4.3 1.1 1.1 1.1.5 0 .7-.2.9-.5.1-.2.2-.4.2-.6s0-.4-.1-.6c-.1-.3-.4-.6-1-.6-.8.1-1.1.7-1.1 1.2z">
                                </path>
                                <path id="H"
                                  d="M33.6 35.4c-.2 1-1.1 1.8-2.3 1.8a2.26 2.26 0 0 1-2.3-2.3 2.26 2.26 0 0 1 2.3-2.3c1.1 0 2.1.8 2.3 1.8h-1.3c-.1-.3-.4-.6-.9-.6-.3 0-.6.1-.7.3-.2.2-.3.5-.3.8 0 .6.4 1.1 1 1.1.5 0 .8-.3.9-.6h1.3z">
                                </path>
                                <path id="I" d="M34.4 33.7h-.6v-1h.6v-1.4h1.3v1.4h.6v1h-.6V37h-1.3v-3.3z"></path>
                                <path id="J"
                                  d="M37.6 35.3c.1.5.5.8 1 .8.4 0 .6-.2.8-.4h1.3c-.2.5-.5.9-.9 1.1a1.92 1.92 0 0 1-1.2.4c-1.2 0-2.3-1-2.3-2.3 0-1.2.9-2.3 2.3-2.3.7 0 1.2.3 1.6.7.5.6.7 1.3.6 2.1h-3.2zm1.9-.9c0-.2-.3-.7-1-.7s-.9.5-1 .7h2z">
                                </path>
                                <path id="K"
                                  d="m45.6 31.8.5-.5.2.4-.6.3.7.2-.3.4-.5-.5.2.7h-.5l.1-.7-.5.5-.3-.4.7-.2-.7-.2.2-.4.5.5-.2-.7h.5v.6z">
                                </path>
                              </defs>
                              <clipPath id="L">
                                <use xlink:href="#A"></use>
                              </clipPath>
                              <g fill="#38aee4">
                                <path
                                  d="M-14.9 45 6.4 34.7l-15.3 6.6 13.7-6.1-19.7 8.1zm0-2.5 9.6-3.5-9.6 4.1zm0-.6v.5l3.8-1.6zm2.1 9.1 24-14.6L-10.6 51zm3.6 0h-1.2L.4 44.2zm-3.8 0h-1l8.4-4.7zm-1.9-5.9 13.4-6.4-13.4 6.7zm0-42.6L7.9 15.3-14.9 3.9zm0 1.6 11.8 6.3-11.8-5.6zM-14.9 6.1V4.8l16 8.3zm57 10.8L69 .6v1.2zM69 4.2 48.2 14.6 69 5.4zM48.2 17.1 69 9.4v-.6zM69 49.2 46.4 36.6 69 47.4zm0-2.7L48.5 36.1 69 45.2l-5.9-3 5.9 2.5zm0-3.9-10.6-4.4L69 42zM64.1 51 48 39.5 66.3 51zM67.4 51l-9-5.5 7.9 5.5zm-6.6 0L40.2 36.1 59.1 51zM51 46.7l4.9 4.3h.6zm-1.6 1.1 3.7 3.2h-1.2zM45.8 46l5.2 5h-1.1zm-7.6-5.7L47.4 51h-1zm-2.4-.6L43.9 51h-1.3zm0 4.6 4 6.7H39zm-5-.3.1 7h.7zM31.6 47.3l.6 3.7h-.6zm2.2 3.7-.3-3.2 1 3.2zM26 51l.5-6.3.2 4.5.3-8.8.2 10.6zm-2.5-8.9L22.2 51h.6zm-.9-2.6-2 11.5h-.8zm-3.5 6.6L17.8 51h-1.2zm-1.5-2.6L13 51h.7zm-1-5.5L7.8 51H6.4zm-8.4 1.5L-7.5 51h1.3zM4.3 43.1-6.2 51H-5zM2.8 51l2.5-3-2.8 3zM.6 51 2 49.6.9 51zm-15.5-3 10.7-6-10.7 5.2zm0-9.3L-3.5 35l-11.4 3.3z"
                                  class="D"></path>
                                <path
                                  d="m-14.9 38.1 4.2-1.2-4.2 1.4zm0-3.1 18.2-4.1-18.2 3.6zm0-1.7 7.7-1.5-7.7 1.1zm0-1.2 19.4-3.3-19.4 2.8zm0-7.4 11.1.4-9.3.1 3.7.1-5.5.1zm0-1 5.7.1-5.7-.5zm0 3.2h6.4l-6.4.3zm0-4.3 13.4 1-13.4-1.3zm0-1.3 20.5 2.3-20.5-2.7 11.7 1.3-11.7-1.9zm0-4.3 10 2-10-2.3zm0-2.5 16.6 4.3-16.6-4.9zm0-1L-4 16.7l-10.9-2.9zm0-3.9 12.6 5-12.6-5.7 9.8 4.1-9.8-5.1zm0-2.1 17.6 7.6-17.6-8.4zM69 14.6l-7.4 2 7.4-1.7zm0 .6-5.6 1.4 5.6-1.1zm0 1.7-13.2 2.5L69 17.3zm0 2.4-21.1 3.2 18-2.5L55 21.7l14-1.6zm0 3.2-4.3.1 4.3-.3zm0 4.9-8.2-.4 8.2.1zm0 .9-4.8-.3 4.8.1zm0 1.2-14.9-1.2L69 30.1zm0 3.6L51.9 30l15.8 2.5L46.8 29 69 32.1zm0 1.8-22.1-5.1L69 34.3zm0 4.5-5.6-1.9L69 39zm-13.7 1.1L69 46.8v1.1zm7.3 5.3 6.4 3.3v.8zM42.8 13 60.8.1h4.6L51.7 7.9l4.7-3.1L50 8.6l10.8-7.3zM69 6.1 54.8 12 69 5.1z"
                                  class="D"></path>
                                <path
                                  d="M65.4.1 40.5 15.3 63.2.1zM62.4.1l-14 9.4L63.2.1zm-2.2 0-9.3 6.2L58.8.1zm-3.7 0L38.3 15.3 58.4.1zM8.4 13-9.5.1h-4.6L-.4 7.9l-4.7-3.1 6.3 3.8-10.7-7.3zM-6.8.1 7.9 10.7-4.9.1zm12 0 6.4 7.4L6.2.1zM3.6.1l3.3 3.5L4 .1zm47.9 0-3.1 3.1L51.1.1zm-1.1 0L45.8 5 50 .1zm-3.1 0-8 9.4L46.5.1zM45.8.1l-4.5 6.2L46.5.1zm-1.9 0L41 4 43.3.1zm-4.4 0-7.3 12 6.5-12zm-5.1 0-1.5 4 1-4zm-1.1 0-.8 2.3.3-2.3zm-6.6 0-.1 11.2L25.8.1zm-4.6 0 .6 5.7L21.5.1zm-2 0 1.5 6-2.1-6zm-2 0 3 9.5L17.4.1zm-2.5 0 4.6 11.8L15 .1zM14.4.1l1.4 2.5L15 .1zm-1.2 0 3.9 7.4L12.8.1zm-.8 0 .6 1.3-.9-1.3zm-.8 0H11l1.5 2zM69 25.4H50.5l18.5-.3zM-11 29c-.1-.2 8.3-.9 8.3-.9l-8.3.9m.3 18.9c-.4-.2 9-5.3 9-5.3s-8.6 5.5-9 5.3m4.4-10c-.3-.3 10.7-4.1 10.7-4.1S-6 38.1-6.3 37.9m5.7-4.5c-.2-.2 8.1-2.3 8.1-2.3l-8.1 2.3m-.7 6.4c-.3-.2 6.9-3.4 6.9-3.4l-6.9 3.4m8.9 4.9c-.3-.1 4.6-4.6 4.6-4.6S8 44.8 7.6 44.7m5 3.5c-.4 0 3.4-5.6 3.4-5.6s-3 5.7-3.4 5.6M25.2 45c-.4 0 .2-5.4.2-5.4s.2 5.4-.2 5.4m4 2.3c-.4 0-.2-5.4-.2-5.4s.6 5.4.2 5.4M43.1 43c-.4.1-4.1-4.8-4.1-4.8l4.1 4.8m9.3-6.3c-.2.2-7.3-3.1-7.3-3.1l7.3 3.1m6-7c-.1.2-8.7-1.1-8.7-1.1l8.7 1.1m7.2-8.2c.1.2-8.8.9-8.8.9l8.8-.9M52.3 18c.2.2-7.9 2.5-7.9 2.5l7.9-2.5m-.2-3.9c.2.2-7.2 3.2-7.2 3.2l7.2-3.2M37.6 6.5c.4.1-3.5 5-3.5 5s3.1-5.1 3.5-5M35.7 2c.4.1-2.4 5.2-2.4 5.2s2-5.2 2.4-5.2M13.9 8.6c.4-.1 3.8 4.9 3.8 4.9l-3.8-4.9M3.3 14.4c.2-.2 7.3 3.1 7.3 3.1l-7.3-3.1m-13 5.2c.1-.2 8.6 1.5 8.6 1.5l-8.6-1.5M-3.2 18.5c.2-.2 8.3 2 8.3 2l-8.3-2M-6.6 26c0-.2 8.9-.1 8.9-.1l-8.9.1M.9 48.6c-.5-.2 6.7-6.4 6.7-6.4S1.4 48.8.9 48.6m15.6-.2c-.5-.1 3.8-7.3 3.8-7.3s-3.3 7.4-3.8 7.3m18.9-.1c-.5.1-2.3-6.2-2.3-6.2s2.7 6.1 2.3 6.2m12.6-3c-.5.2-6.7-6.5-6.7-6.5s7.2 6.3 6.7 6.5m14.8-9.5c-.2.3-11.4-3.3-11.4-3.3s11.7 3 11.4 3.3M57.5 27.4c0 .3-9.2-.4-9.2-.4l9.2.4m4-3.8c0 .3-10.1.4-10.1.4s10.1-.6 10.1-.4m1.4-9.7c.3.3-11.1 3.6-11.1 3.6s10.9-3.9 11.1-3.6m-16.1-8c.5.2-7.1 6.3-7.1 6.3s6.6-6.5 7.1-6.3m-16.5-.6c.6 0-1.1 7.6-1.1 7.6s.6-7.7 1.1-7.6M24.1 4c.5 0 .6 6.1.6 6.1s-1-6.1-.6-6.1M1.9 1.7c.4-.1 5 5.1 5 5.1l-5-5.1M9 7c.3-.1 4 4.1 4 4.1L9 7m-18.2 6.6c.2-.2 9.1 3.3 9.1 3.3l-9.1-3.3"
                                  class="D"></path>
                              </g>
                              <g fill="none" class="F G H I">
                                <use xlink:href="#B"></use>
                                <path
                                  d="M17.2 25.8c0-1.5 1.1-3.3 3.4-3.3s3.4 1.8 3.4 3.4c0 1.5-1.1 3.4-3.4 3.4s-3.4-1.9-3.4-3.5zm1.9 0c0 .9.7 1.6 1.5 1.6s1.5-.7 1.5-1.6-.7-1.6-1.5-1.6-1.5.7-1.5 1.6zm5.7-3.1h1.8v.7c.2-.3.6-.9 1.7-.9 2.1 0 2.3 1.7 2.3 2.6V29h-1.9v-3.4c0-.7-.1-1.3-1-1.3s-1.1.7-1.1 1.3V29h-1.9v-6.3zM37.5 29h-1.8v-.7c-.2.3-.6.9-1.8.9-2.1 0-2.4-1.7-2.4-2.6v-3.9h1.9v3.4c0 .7.1 1.3 1 1.3s1.1-.7 1.1-1.3v-3.4h1.9V29z">
                                </path>
                                <use xlink:href="#C"></use>
                              </g>
                              <g fill="#fff">
                                <use xlink:href="#B"></use>
                                <path
                                  d="M17.2 25.8c0-1.5 1.1-3.3 3.4-3.3s3.4 1.8 3.4 3.4c0 1.5-1.1 3.4-3.4 3.4-2.3-.1-3.4-1.9-3.4-3.5zm1.9.1c0 .9.7 1.6 1.5 1.6s1.5-.7 1.5-1.6-.7-1.6-1.5-1.6c-.8-.1-1.5.6-1.5 1.6zm5.7-3.2h1.8v.7c.2-.3.6-.9 1.7-.9 2.1 0 2.3 1.7 2.3 2.6v4h-1.9v-3.4c0-.7-.1-1.3-1-1.3s-1.1.7-1.1 1.3V29h-1.9v-6.3zM37.5 29h-1.8v-.7c-.2.3-.6.9-1.8.9-2.1 0-2.4-1.7-2.4-2.6v-4h1.9V26c0 .7.1 1.3 1 1.3s1.1-.7 1.1-1.3v-3.4h1.9V29z">
                                </path>
                                <use xlink:href="#C"></use>
                              </g>
                              <g fill="none" class="F G H I">
                                <use xlink:href="#D"></use>
                                <use xlink:href="#E"></use>
                                <path
                                  d="M20.8 37.1h-1.3v-.5c-.2.4-.8.6-1.3.6-1.4 0-2.2-1.1-2.2-2.3 0-1.4 1-2.3 2.2-2.3.7 0 1.1.3 1.3.6v-.5h1.3v4.4zm-3.5-2.2c0 .4.3 1.1 1.1 1.1.5 0 .7-.2.9-.5.1-.2.2-.4.2-.6s0-.4-.1-.6c-.1-.3-.4-.6-1-.6-.8.1-1.1.7-1.1 1.2z">
                                </path>
                                <use xlink:href="#F"></use>
                                <use xlink:href="#G"></use>
                                <use xlink:href="#H"></use>
                                <use xlink:href="#I"></use>
                                <use xlink:href="#J"></use>
                                <use xlink:href="#F" x="19.8"></use>
                              </g>
                              <g fill="#fff">
                                <use xlink:href="#D"></use>
                                <use xlink:href="#E"></use>
                                <path
                                  d="M20.7 37.1h-1.3v-.5c-.2.4-.8.6-1.3.6-1.4 0-2.2-1.1-2.2-2.3 0-1.4 1-2.3 2.2-2.3.7 0 1.1.3 1.3.6v-.5h1.3v4.4zm-3.4-2.2c0 .4.3 1.1 1.1 1.1.5 0 .7-.2.9-.5.1-.2.2-.4.2-.6s0-.4-.1-.6c-.1-.3-.4-.6-1-.6-.8.1-1.1.7-1.1 1.2z">
                                </path>
                                <use xlink:href="#F"></use>
                                <use xlink:href="#G"></use>
                                <use xlink:href="#H"></use>
                                <use xlink:href="#I"></use>
                                <use xlink:href="#J"></use>
                                <use xlink:href="#F" x="19.8"></use>
                              </g>
                              <use xlink:href="#K" fill="none" stroke-width="0.905" class="F G H"></use>
                              <g fill="#fff">
                                <use xlink:href="#K"></use>
                                <path d="M22.3 7.9h7.2v1.4h-7.2z"></path>
                              </g>
                              <defs>
                                <path id="M" d="M13.4 5h24.4v13.5H13.4z"></path>
                              </defs>
                              <clipPath id="N">
                                <use xlink:href="#M"></use>
                              </clipPath>
                              <path fill="#fff"
                                d="M30.5 7.1c0-.1.1-.2.1-.3 0-.4-.2-.7-.4-.9s-.6-.3-1-.3-.7.1-.9.3a1.69 1.69 0 0 0-1-.3c-.2 0-.4 0-.6.1v-.1c0-.2-.1-.3-.2-.4-.1-.2-.3-.2-.4-.2h-.5c-.3 0-.6.2-.6.6v.2c-.2-.1-.4-.1-.6-.1-.4 0-.8.2-1.1.4-.3-.3-.7-.4-1.1-.4a1.58 1.58 0 0 0-1.6 1.6 1.58 1.58 0 0 0 1.6 1.6c.4 0 .8-.2 1.1-.4.3.3.7.4 1.1.4.3 0 .6-.1.8-.2.1.1.2.2.4.2h.5c.1 0 .3-.1.4-.1.2.1.5.2.8.2.4 0 .7-.1.9-.3.2.2.6.3 1 .3a1.69 1.69 0 0 0 1-.3c.3-.2.4-.6.4-.9 0-.4-.1-.6-.1-.7"
                                class="E"></path>
                              <g fill="#e1251b">
                                <path
                                  d="M23.3 7c-.1-.5-.5-.8-1-.8a1.11 1.11 0 0 0-1.1 1.1 1.11 1.11 0 0 0 1.1 1.1c.5 0 .9-.3 1-.8h-.4c-.1.2-.3.4-.6.4-.4 0-.6-.3-.6-.6 0-.4.3-.6.6-.6s.5.2.6.4h.4z"
                                  class="E"></path>
                                <path
                                  d="M25.1 7.3c0 .4-.3.6-.6.6a.65.65 0 0 1-.6-.6c0-.4.3-.6.6-.6s.6.2.6.6m.4 0a1.11 1.11 0 0 0-1.1-1.1 1.11 1.11 0 0 0-1.1 1.1 1.11 1.11 0 0 0 1.1 1.1c.6-.1 1.1-.6 1.1-1.1m.1-1.7h.5v2.7h-.5zm1.6 1c.2 0 .5.1.5.4h-1.1c.2-.3.4-.4.6-.4m1 .7v-.1c0-.8-.6-1-1-1s-1 .3-1 1c0 .6.5 1.1 1 1.1.4 0 .8-.3 1-.7h-.5a.55.55 0 0 1-.5.3c-.3 0-.5-.2-.6-.6h1.6zm.9 1c-.5 0-.8-.3-.8-.7h.4c0 .2.2.4.5.4.2 0 .4-.1.4-.3 0-.1-.1-.2-.3-.2l-.3-.1c-.2-.1-.4-.1-.5-.2s-.2-.2-.2-.4.1-.3.2-.4.3-.2.6-.2c.2 0 .4.1.6.2.1.1.2.3.2.5h-.4c0-.2-.2-.3-.4-.3s-.3.1-.3.2.1.2.3.2l.3.1c.4.1.6.2.6.5 0 .2-.1.4-.2.5-.2.1-.4.2-.7.2"
                                  class="E"></path>
                              </g>
                              <path fill="#012f3a"
                                d="M31.5 8.7c.7 0 1.1.3 1.3 1a.55.55 0 0 0 .5.3H35c.2 0 .4.1.4.3l.6 1.4c.1.1 0 .3 0 .5-.1.2-.1.5.1.6.2.2.5.4.7.7s.4.7.6 1.1.3.8.3 1.2c.1.5 0 .9-.2 1.1l-.2.2c-.1 0-.1.1-.2.1L35 18c-.1.1-.3.2-.5.2-.1 0-.2 0-.4-.1-.6-.2-1.1-.4-1.7-.5-.1 0-.2-.1-.3-.3l-.1-.2c0-.1-.2-.2-.3-.3-.3-.1-.5-.1-.8-.2 0 0-.1 0-.1-.1-.1 0-.1-.1-.2-.1H30.3c-.3 0-.5-.1-.8-.1H29.2c-.6-.1-1.3-.2-1.9-.2-.1 0-.2-.1-.3-.1-.1-.1-.2-.1-.3-.1h-.2c-.2.1-.5.2-.9.2h-.8c-.5 0-1.1 0-1.6.1H22.9c-.3 0-.5.1-.8.1h-.5c-.1 0-.2 0-.2.1-.2.2-.5.3-.8.3h-.4c-.2 0-.4 0-.6-.1-.1 0-.1-.1-.2-.1s-.2.1-.3.2c-.1.2-.3.3-.4.5-.3.3-.6.5-.9.5l-1.9.6h-.2l-1.8-.9h-.1l-.1-.1c-.1-.1-.2-.3-.1-.5l2.7-6.4c.1-.2.3-.3.4-.3h1.6c.3 0 .4-.2.5-.5 0-.1 0-.1.1-.2.1-.4.5-.7 1.1-.7h11.5z"
                                class="E"></path>
                              <g fill="#fff">
                                <path
                                  d="M15.9 18.5h-.1l-1.8-.9h-.1s-.1 0-.1-.1a.47.47 0 0 1-.1-.6l2.7-6.4c.1-.2.3-.4.5-.4h1.6c.2 0 .3-.1.4-.4v-.2c.1-.6.5-.9 1.1-.9h11.4c.7 0 1.2.3 1.4 1.1.1.2.2.3.4.3H34.8c.2 0 .4.1.5.4l.6 1.4c.1.2.1.4-.1.5-.1.2-.1.4.1.5.2.2.5.4.7.7s.5.7.6 1.1a3.08 3.08 0 0 1 .3 1.3c.1.5 0 .9-.3 1.2l-.2.2c-.1 0-.2.1-.2.1l-1.9.8c-.1.1-.3.2-.5.2-.1 0-.3 0-.4-.1-.6-.2-1.1-.4-1.7-.5-.2 0-.3-.2-.3-.3v-.3c0-.1-.1-.2-.2-.2-.3-.1-.5-.1-.8-.2-.1 0-.1 0-.2-.1-.1 0-.1-.1-.2 0h-.2c-.3 0-.5-.1-.8-.1H29.3c-.6-.1-1.3-.2-1.9-.2-.1 0-.3-.1-.3-.2-.1-.2-.3-.2-.4-.2a2.39 2.39 0 0 1-.9.2h-.9c-.5 0-1.1 0-1.6.1H23c-.3 0-.5.1-.8.1-.1 0-.2 0-.3-.1s-.2 0-.3 0c-.2.2-.5.3-.8.3h-.4c-.2 0-.4-.1-.6-.2-.1-.1-.3-.1-.4.1s-.3.3-.4.5c-.3.3-.6.5-.9.6l-1.9.6-.3.3m-.1-.2h.2l1.9-.6c.3-.1.6-.3.8-.5s.3-.3.4-.5c.1-.1.2-.2.4-.2.1 0 .2 0 .3.1.1.1.3.1.5.1h.4l.8-.3c.1-.1.3-.1.5 0h.2c.3 0 .5-.1.8-.1h.4c.5 0 1.1-.1 1.6-.1h.9c.3 0 .6-.1.8-.2.1 0 .1-.1.2-.1a.76.76 0 0 1 .4.2c.1.1.1.1.2.1.6 0 1.3.1 2 .2h.3c.3 0 .5.1.8.1h.1c.1 0 .2 0 .3.1h.1c.3.1.5.1.8.2.2 0 .3.2.4.3l.1.2c0 .1.1.2.2.2l1.7.5c.1 0 .3.1.4.1.2 0 .3-.1.4-.2h.1l1.9-.8c.1 0 .1 0 .2-.1.1 0 .1-.1.2-.2.2-.2.3-.6.2-1.1 0-.4-.2-.8-.3-1.2l-.6-1.1c-.2-.3-.4-.5-.7-.7-.2-.2-.3-.5-.1-.8.1-.1.1-.3 0-.4l-.6-1.4c-.1-.2-.2-.2-.4-.2h-1.6c-.3 0-.5-.1-.6-.4-.2-.6-.6-.9-1.2-.9H20.1c-.5 0-.9.2-1 .6 0 0 0 .1-.1.2-.1.4-.3.5-.6.5h-1.6c-.2 0-.3.1-.4.2l-2.7 6.4c-.1.1 0 .3.1.4l.1.1c.3.5 1.9 1.3 1.9 1.3m18.5-2.2c-.1.1-.3.2-.4.3s-.3.2-.4.3-.3.2-.4.3-.3.2-.5.2c.1-.1.3-.2.4-.3s.3-.2.4-.3.3-.2.4-.3c.2-.1.3-.1.5-.2"
                                  class="E"></path>
                                <path
                                  d="M33.7 15.2c-.1.1-.3.2-.4.4-.1.1-.3.2-.4.3s-.3.2-.4.3-.3.2-.4.3l.4-.4c.1-.1.3-.2.4-.3s.3-.2.4-.3a1.38 1.38 0 0 1 .4-.3m-2.9-.5a.76.76 0 0 0-.2.4c-.1.1-.2.2-.3.4l-.3.3-.3.3a.76.76 0 0 0 .2-.4c.1-.1.2-.2.3-.4l.6-.6m-5.7-.5v.8c0 .1 0 .3-.1.4 0 .1-.1.2-.1.4V15c0-.1 0-.3.1-.4s.1-.2.1-.4m-2.1.2c.1.1.1.2.1.3s.1.2.1.4c0 .1 0 .2.1.4v.4c-.1-.1-.1-.2-.1-.3s-.1-.2-.1-.4c0-.1 0-.2-.1-.4v-.4m-1.4.2c.1.1.1.2.2.3s.1.2.2.4c0 .1.1.2.1.4 0 .1.1.2.1.4-.1-.1-.1-.2-.2-.3s-.1-.2-.2-.4c0-.1-.1-.2-.1-.4-.1-.2-.1-.3-.1-.4m-2.7.2.3.3c.1.1.2.2.3.4.1.1.2.3.3.4a.76.76 0 0 1 .2.4l-.3-.3a1.38 1.38 0 0 1-.3-.4c-.1-.1-.2-.3-.3-.4a.76.76 0 0 0-.2-.4M14.1 17c.2.1.3.2.5.2.2.1.3.1.5.2a.76.76 0 0 0 .4.2c.1.1.3.2.4.3-.2-.1-.3-.1-.5-.2s-.3-.1-.5-.2a.76.76 0 0 0-.4-.2c-.1-.1-.3-.2-.4-.3"
                                  class="E"></path>
                                <path
                                  d="M28.1 14.3c0 .1-.1.3-.1.4s-.1.2-.2.4c-.1.1-.1.2-.2.3s-.1.2-.2.3c0-.1.1-.3.1-.4s.1-.2.2-.4c.1-.1.1-.2.2-.3.1 0 .1-.2.2-.3m-13.9 2.8-.1-.1 2.7-6.3h1.6c.2 0 .3 0 .4.1s.2.2.2.4 0 .4-.1.6l-.3.6-.3.3-.1.1v.1c.1.1.1.2.2.3 0 .2 0 .4-.1.7s-.2.6-.4 1c-.2.3-.4.7-.7.9-.3.3-.6.5-.8.5-.7.3-1.4.5-2.2.8M16 15h.2c.2-.1.4-.1.7-.2.1 0 .2-.1.3-.2s.2-.2.2-.4v-.3c0-.1 0-.1-.1-.2h-.2c-.2 0-.4.1-.6.1h-.1L16 15zm1-2.5h.1c.2 0 .3 0 .5-.1.1 0 .1 0 .2-.1l.1-.1c0-.1.1-.1.1-.2v-.2c0-.1-.1-.1-.2-.1h-.5l-.3.8zM19.5 15.1c-.2 0-.3 0-.4-.1-.2-.1-.3-.3-.3-.6s.1-.6.2-1l.6-2.2c.3 0 .5-.1.8-.1 0 0 .1.1 0 .1l-.6 2.3v.4c0 .1.1.1.2.1h.1c.1 0 .2-.1.3-.2s.1-.2.2-.4l.5-2.2c.3 0 .5-.1.8-.1v.1l-.4 2c-.1.5-.3.9-.5 1.2-.3.4-.7.6-1.1.7h-.4m2.1-.4v-.1l.6-3.4c.3 0 .5-.1.8-.1v.1l-.5 3.4c-.2 0-.5 0-.9.1m1.4-.2.4-3.4V11c.3 0 .5.1.8.1V11v.1l-.2 2.3h.9v.9c-.6.1-1.3.2-1.9.2m2.1-.1.1-3.3V11c.2 0 .4.1.6.1h.4c.2 0 .5.1.7.2s.4.3.5.5.2.5.2.7c0 .4 0 .7-.1 1s-.3.5-.5.7-.6.2-.9.2h-1zm1-1c.2 0 .3-.1.4-.1.1-.1.2-.2.2-.3s.1-.3.1-.4 0-.2-.1-.3-.1-.2-.2-.2c-.1-.1-.2-.1-.3-.1h-.1v1.4z"
                                  class="E"></path>
                                <path
                                  d="m30.4 14.7-2.4-.3-.3-3.3.1-.1c.7 0 1.3.1 2 .1l.2.7-.1.1c-.4 0-.8 0-1.2-.1v.2h.9l.2.8-.1.1c-.3 0-.6 0-.9-.1l.1.4c.4 0 .9.1 1.3.1l.3.9c0 .4 0 .4-.1.5.1-.1 0 0 0 0m3.1.6c-.4-.1-.8-.2-1.1-.2-.3-.4-.5-.9-.8-1.3h-.1l.4 1.1-.1.1c-.3-.1-.7-.1-1-.2l-.8-3.6.1-.1c.4 0 .8.1 1.3.1.2 0 .4.1.6.2s.3.3.5.5l.3.6c.1.2.1.4.1.6s-.1.4-.2.5c.3.5.8 1 1.1 1.5-.1.1-.2.2-.3.2m-2.2-2.6h.4l.1-.1v-.2c0-.1 0-.1-.1-.2 0-.1-.1-.1-.1-.1l-.1-.1h-.3l.1.7z"
                                  class="E"></path>
                                <path
                                  d="M36.5 16.9c-.1 0-.2 0-.3-.1l-2.1-.6-.5-1.7.1-.1c.5.1.9.3 1.3.4h.2v-.2c0-.1-.1-.2-.2-.3s-.3-.2-.5-.4c0 0-.1 0-.1-.1 0 0-.1 0-.1-.1-.3-.2-.5-.3-.7-.5s-.4-.3-.5-.6c-.2-.2-.3-.4-.4-.7s-.1-.5-.1-.7.1-.4.2-.6c.1-.1.3-.2.5-.2h1.4l.7 1.3-.1.1c-.4 0-.8-.1-1.2-.1H34v.1c0 .1.1.1.1.2l.2.2c.1.1.2.1.4.2h.1c.3.2.5.3.7.5s.4.4.6.7.4.6.5 1c.2.4.3.8.3 1.1 0 .4 0 .6-.1.8 0 .3-.1.4-.3.4"
                                  class="E"></path>
                              </g>
                              <g fill="#389bd6">
                                <path
                                  d="M19.6 10.8c-.3 0-.5-.1-.6-.2l.2-.2a.76.76 0 0 0 .4.2c.2 0 .3-.1.3-.2s0-.1-.3-.2a.76.76 0 0 1-.4-.2v-.3c.1-.3.3-.4.7-.4.2 0 .4.1.5.1l-.1.2c-.1-.1-.3-.1-.4-.1-.2 0-.3 0-.3.1v.1s.1.1.3.1c.2.1.5.1.4.5 0 .3-.3.5-.7.5m1.4 0c-.2 0-.4-.1-.5-.2s-.1-.2-.1-.3l.3-1h.3l-.2 1v.2c0 .1.1.1.3.1.3 0 .4-.1.4-.3l.2-1h.2l-.2 1c0 .2-.2.5-.7.5M22 10.7c-.1 0-.1 0 0 0-.1 0-.1 0 0 0l.2-1.5h.7c.1 0 .2 0 .3.1s.1.2.1.3v.1c0 .3-.3.4-.5.4h-.5l-.1.5H22zm.8-.7c.1 0 .2-.1.2-.2v-.2h-.5l-.1.4h.4zm.6.7c-.1 0-.1 0 0 0l.1-1.5h1v.2h-.7v.3h.7v.2h-.7v.4h.8v.2h-1.2zm2.2 0v-.4c0-.1-.1-.1-.2-.1H25v.6h-.3l.1-1.4h.7c.1 0 .3 0 .3.1.1.1.1.2.1.3v.1c0 .1-.1.2-.2.3l.1.1v.5h-.2zm-.2-.8c.1 0 .2-.1.2-.2v-.2H25v.4h.4zm2.4.8s-.1 0 0 0l-.1-.7H27v.6h-.3l-.1-1.4h.4v.6h.6v-.6h.2l.1 1.4h-.1zm.5 0-.2-1.5h1v.2h-.7v.3h.7v.2h-.7v.4h.8v.2h-.9zm2.3 0c-.1-.1-.1-.2-.1-.2 0-.1-.1-.2-.1-.2 0-.1-.1-.1-.2-.1h-.4l.1.6h-.3l-.2-1.4h.7c.3 0 .4.1.5.4v.1c0 .1 0 .2-.1.3.1 0 .1.1.2.1 0 .1.1.1.1.2s.1.2.1.3h-.3zm-.4-.8h.1v-.2c0-.1-.1-.2-.2-.2h-.4l.1.4h.4zm1.6.9c-.4 0-.7-.1-.9-.8-.1-.3-.1-.5 0-.6s.2-.2.5-.2c.4 0 .7.1.9.7.1.3.1.5 0 .6a.55.55 0 0 1-.5.3m-.4-1.3c-.1 0-.2 0-.3.1s-.1.2 0 .4c.1.4.3.5.5.5s.2 0 .3-.1 0-.2 0-.4c0-.5-.2-.5-.5-.5"
                                  class="E"></path>
                              </g>
                              <path fill="#60c0ed"
                                d="M16.7 10.6h1.6c.2 0 .3 0 .4.1s.2.2.2.4 0 .4-.1.6l-.3.6-.3.3-.1.1.1.1c.1.1.1.2.2.3 0 .2 0 .4-.1.7s-.2.6-.4 1c-.2.3-.4.7-.7.9-.3.3-.6.5-.8.5-.8.2-1.5.5-2.3.8l2.6-6.4zm.4 3c-.3 0-.5.1-.7.1h-.1l-.4 1.3.2-.1c.2-.1.4-.1.7-.2.1 0 .2-.1.3-.3.1-.1.2-.2.2-.4v-.3c0-.1 0-.2-.1-.2 0 .1 0 .1-.1.1m.6-2h-.6l-.3.8h.2c.2 0 .3 0 .5-.1.1 0 .1 0 .2-.1.1 0 .1-.1.1-.2s.1-.1.1-.2v-.2c0 .1-.1 0-.2 0m2.8 1.7c0 .2-.1.3-.2.4s-.2.2-.3.2-.2 0-.2-.1v-.4l.6-2.3h-.8l-.7 2.2c-.1.4-.2.7-.2 1s.1.4.2.6c.2.1.4.1.8.1.5-.1.9-.3 1.1-.7.3-.3.5-.7.5-1.2.1-.7.3-1.4.4-2h-.8c0 .7-.2 1.4-.4 2.2m1.1 1.3c.3 0 .7-.1 1-.1l.5-3.4h-.8c-.3 1-.5 2.2-.7 3.5m2.6-3.6h-.8l-.4 3.4c.7-.1 1.3-.1 2-.1v-.9h-.9l.1-2.4m2.7.2c-.2-.1-.4-.2-.7-.2h-1l-.1 3.3h1c.4 0 .7-.1 1-.2.2-.2.4-.4.5-.7s.1-.6.1-1c0-.3-.1-.5-.2-.7-.2-.2-.4-.4-.6-.5m-.2 1.7c0 .1-.1.2-.2.3s-.2.1-.4.1H26v-1.6h.1c.1 0 .2 0 .3.1s.2.1.2.2c.1.1.1.2.1.3.1.3.1.5 0 .6m1.4 1.5c.8.1 1.6.1 2.4.3-.1-.4-.1-.7-.2-1-.5 0-.9-.1-1.4-.1 0-.2 0-.3-.1-.5.3 0 .7 0 1 .1-.1-.3-.1-.6-.2-.9h-.9V12c.4 0 .8 0 1.3.1-.1-.3-.1-.6-.2-.8h-2l.3 3.1m4.8-1.3c0-.2 0-.4-.1-.6l-.3-.6c-.1-.2-.3-.4-.5-.5s-.4-.2-.5-.2h-1.4l.7 3.6c.3.1.7.1 1 .2l-.3-1.2h.2a9.13 9.13 0 0 0 .8 1.3c.4.1.8.2 1.2.2l-1-1.6c.1-.3.1-.4.2-.6m-1.7-1.2h.4c.1 0 .1 0 .2.1.1 0 .1.1.1.1 0 .1.1.1.1.2v.2c0 .1 0 .1-.1.1h-.5c-.1-.2-.2-.4-.2-.7m5.1 1.9c-.2-.3-.4-.5-.6-.7s-.5-.3-.7-.5c-.2-.1-.3-.2-.4-.2-.1-.1-.2-.1-.2-.2-.1-.1-.1-.1-.1-.2v-.2h.2c.4 0 .8.1 1.2.1l-.6-1.4h-1.4c-.2 0-.3.1-.4.2s-.2.3-.2.5 0 .5.1.7c.1.3.2.5.4.7s.3.4.5.5c.2.2.4.3.7.5 0 0 .1 0 .1.1 0 0 .1 0 .1.1.2.2.4.3.5.4s.2.2.2.3v.2s-.1.1-.2 0l-1.5-.3c.2.6.4 1.1.5 1.7l2.1.6c.3.1.5.1.7-.1.1-.2.2-.4.1-.8 0-.3-.1-.7-.3-1.1-.4-.3-.6-.6-.8-.9"
                                class="E"></path>
                              <defs>
                                <path id="O"
                                  d="M19.3 9.5c-.1.3.1.4.4.4.2.1.4.1.3.2 0 .2-.2.2-.4.2s-.4-.1-.5-.2l-.1.3c.1.1.3.2.6.2.4 0 .6-.2.7-.5s-.2-.4-.4-.4c-.2-.1-.3-.1-.3-.2s.2-.2.3-.2.3 0 .4.1l.1-.2c-.1-.1-.3-.1-.5-.1s-.5.2-.6.4">
                                </path>
                              </defs>
                              <clipPath id="P">
                                <use xlink:href="#O"></use>
                              </clipPath>
                              <linearGradient id="Q" x1="0.227" x2="1.234" y1="46.77" y2="46.77"
                                gradientTransform="matrix(-.0761 1.1872 1.1872 .0761 -35.777 5.703)"
                                gradientUnits="userSpaceOnUse">
                                <stop offset="0" stop-color="#fff"></stop>
                                <stop offset="1" stop-color="#60c0ed"></stop>
                              </linearGradient>
                              <path fill="url(#Q)" d="m20.5 9.2-.1 1.5-1.5-.1.1-1.5z" clip-path="url(#P)"></path>
                              <defs>
                                <path id="R"
                                  d="m21.7 9.2-.2 1c0 .2-.1.3-.4.3s-.3-.1-.3-.3l.2-1h-.2l-.3 1c-.1.2.1.4.5.4s.7-.2.7-.4l.2-1h-.2z">
                                </path>
                              </defs>
                              <clipPath id="S">
                                <use xlink:href="#R"></use>
                              </clipPath>
                              <linearGradient id="T" x1="0.227" x2="1.234" y1="46.766" y2="46.766"
                                gradientTransform="matrix(-.0761 1.1872 1.1872 .0761 -34.306 5.797)"
                                gradientUnits="userSpaceOnUse">
                                <stop offset="0" stop-color="#fff"></stop>
                                <stop offset="1" stop-color="#60c0ed"></stop>
                              </linearGradient>
                              <path fill="url(#T)" d="m22 9.2-.1 1.5-1.6-.1.1-1.5z" clip-path="url(#S)"></path>
                              <defs>
                                <path id="U"
                                  d="M22.4 9.4h.4c.2 0 .2 0 .2.2v.1c0 .2-.1.2-.3.2h-.4l.1-.5zm-.2-.2-.3 1.4h.3l.1-.5h.5c.2 0 .4-.1.5-.4v-.1c0-.3-.1-.4-.4-.4h-.7z">
                                </path>
                              </defs>
                              <clipPath id="V">
                                <use xlink:href="#U"></use>
                              </clipPath>
                              <linearGradient id="W" x1="0.227" x2="1.234" y1="46.786" y2="46.786"
                                gradientTransform="matrix(-.0761 1.1872 1.1872 .0761 -32.9 5.888)"
                                gradientUnits="userSpaceOnUse">
                                <stop offset="0" stop-color="#fff"></stop>
                                <stop offset="1" stop-color="#60c0ed"></stop>
                              </linearGradient>
                              <path fill="url(#W)" d="m23.4 9.2-.1 1.5-1.5-.1.1-1.5z" clip-path="url(#V)"></path>
                              <defs>
                                <path id="X" d="m23.5 9.2-.1 1.4h1l.1-.2h-.9l.1-.4h.7v-.2h-.7v-.4h.8v-.2z"></path>
                              </defs>
                              <clipPath id="Y">
                                <use xlink:href="#X"></use>
                              </clipPath>
                              <linearGradient id="Z" x1="0.227" x2="1.234" y1="46.786" y2="46.786"
                                gradientTransform="matrix(-.0761 1.1872 1.1872 .0761 -31.582 5.972)"
                                gradientUnits="userSpaceOnUse">
                                <stop offset="0" stop-color="#fff"></stop>
                                <stop offset="1" stop-color="#60c0ed"></stop>
                              </linearGradient>
                              <path fill="url(#Z)" d="m24.6 9.2-.1 1.5-1.2-.1.1-1.5z" clip-path="url(#Y)"></path>
                              <defs>
                                <path id="a"
                                  d="M25 9.4h.5c.1 0 .2.1.2.2v.1c0 .1-.1.2-.2.2H25v-.5zm-.2-.2-.1 1.4h.3V10h.5c.1 0 .2 0 .2.1s0 .3.1.5h.3c0-.2 0-.4-.1-.5 0-.1-.1-.1-.2-.2.1 0 .2-.1.2-.3v-.1c0-.2-.2-.4-.4-.4h-.8z">
                                </path>
                              </defs>
                              <clipPath id="b">
                                <use xlink:href="#a"></use>
                              </clipPath>
                              <linearGradient id="c" x1="0.227" x2="1.234" y1="46.765" y2="46.765"
                                gradientTransform="matrix(-.0761 1.1872 1.1872 .0761 -30.19 6.061)"
                                gradientUnits="userSpaceOnUse">
                                <stop offset="0" stop-color="#fff"></stop>
                                <stop offset="1" stop-color="#60c0ed"></stop>
                              </linearGradient>
                              <path fill="url(#c)" d="m26 9.2-.1 1.5-1.3-.1.1-1.5z" clip-path="url(#b)"></path>
                              <defs>
                                <path id="d" d="m27.7 9.2.1.6H27v-.6h-.2v1.4h.3V10h.7v.6h.3l-.2-1.4z"></path>
                              </defs>
                              <clipPath id="e">
                                <use xlink:href="#d"></use>
                              </clipPath>
                              <linearGradient id="f" x1="0.227" x2="1.234" y1="46.81" y2="46.81"
                                gradientTransform="matrix(-.0761 1.1872 1.1872 .0761 -28.137 6.193)"
                                gradientUnits="userSpaceOnUse">
                                <stop offset="0" stop-color="#fff"></stop>
                                <stop offset="1" stop-color="#60c0ed"></stop>
                              </linearGradient>
                              <path fill="url(#f)" d="m28.2 9.2-.1 1.5-1.4-.1.1-1.5z" clip-path="url(#e)"></path>
                              <defs>
                                <path id="g" d="m28.2 9.2.2 1.4h1.1l-.1-.2h-.8V10h.7v-.2h-.8v-.4h.7v-.2z"></path>
                              </defs>
                              <clipPath id="h">
                                <use xlink:href="#g"></use>
                              </clipPath>
                              <linearGradient id="i" x1="0.227" x2="1.234" y1="46.818" y2="46.818"
                                gradientTransform="matrix(-.0761 1.1872 1.1872 .0761 -26.745 6.282)"
                                gradientUnits="userSpaceOnUse">
                                <stop offset="0" stop-color="#fff"></stop>
                                <stop offset="1" stop-color="#60c0ed"></stop>
                              </linearGradient>
                              <path fill="url(#i)" d="m29.5 9.2-.1 1.5-1.3-.1.1-1.5z" clip-path="url(#h)"></path>
                              <defs>
                                <path id="j"
                                  d="M29.7 9.4h.5c.1 0 .2.1.2.2v.1c0 .1 0 .2-.2.2h-.5v-.5zm-.2-.2.2 1.4h.3l-.1-.6h.5c.1 0 .2 0 .2.1.1.1.1.3.2.5h.2c-.1-.2-.1-.4-.2-.5l-.2-.2c.1 0 .2-.1.1-.3v-.1c-.1-.2-.2-.4-.5-.4h-.7z">
                                </path>
                              </defs>
                              <clipPath id="k">
                                <use xlink:href="#j"></use>
                              </clipPath>
                              <linearGradient id="l" x1="0.227" x2="1.234" y1="46.826" y2="46.826"
                                gradientTransform="matrix(-.0761 1.1872 1.1872 .0761 -25.39 6.369)"
                                gradientUnits="userSpaceOnUse">
                                <stop offset="0" stop-color="#fff"></stop>
                                <stop offset="1" stop-color="#60c0ed"></stop>
                              </linearGradient>
                              <path fill="url(#l)" d="M31 9.2v1.5l-1.6-.1.1-1.5z" clip-path="url(#k)"></path>
                              <defs>
                                <path id="m"
                                  d="M31.2 9.9c-.1-.4 0-.5.3-.5s.4.1.6.5c.1.4 0 .5-.3.5s-.5-.1-.6-.5m-.2 0c.2.6.5.8.9.8s.7-.1.5-.8c-.2-.6-.5-.7-.9-.7-.4-.1-.7.1-.5.7">
                                </path>
                              </defs>
                              <clipPath id="n">
                                <use xlink:href="#m"></use>
                              </clipPath>
                              <linearGradient id="o" x1="0.227" x2="1.234" y1="46.844" y2="46.844"
                                gradientTransform="matrix(-.0761 1.1872 1.1872 .0761 -23.93 6.463)"
                                gradientUnits="userSpaceOnUse">
                                <stop offset="0" stop-color="#fff"></stop>
                                <stop offset="1" stop-color="#60c0ed"></stop>
                              </linearGradient>
                              <path fill="url(#o)" d="m32.6 9.2-.1 1.6-1.8-.2.1-1.6z" clip-path="url(#n)"></path>
                              <defs>
                                <path id="p"
                                  d="M16.3 13.8h.1c.2 0 .4-.1.6-.1H17.3c.1 0 .1.1.1.2v.3c0 .1-.1.2-.2.4l-.3.3c-.2 0-.4.1-.7.2l-.3-.1.4-1.2zm.8-2.1h.5c.1 0 .2 0 .2.1v.2c0 .1-.1.1-.1.2s-.1.1-.1.2c-.1 0-.1.1-.2.1-.2 0-.3 0-.5.1h-.2l.4-.9zm-.4-1.1L14.1 17l2.3-.8c.3-.1.6-.3.8-.5.3-.3.5-.6.7-.9s.3-.7.4-1 .1-.5.1-.7c0-.1-.1-.2-.2-.3l-.1-.1.1-.1.3-.3c.2-.2.3-.4.3-.6.1-.2.1-.4.1-.6s-.1-.3-.2-.4-.2-.1-.4-.1h-1.6z">
                                </path>
                              </defs>
                              <clipPath id="q">
                                <use xlink:href="#p"></use>
                              </clipPath>
                              <linearGradient id="r" x1="0.729" x2="1.736" y1="50.723" y2="50.723"
                                gradientTransform="matrix(0 4.8319 4.8319 0 -228.589 6.949)"
                                gradientUnits="userSpaceOnUse">
                                <stop offset="0" stop-color="#fff"></stop>
                                <stop offset="1" stop-color="#60c0ed"></stop>
                              </linearGradient>
                              <path fill="url(#r)" d="M14.1 10.6H19V17h-4.9z" clip-path="url(#q)"></path>
                              <defs>
                                <path id="s"
                                  d="M21 11.1c-.2.7-.3 1.4-.5 2.2 0 .2-.1.3-.2.4s-.2.2-.3.2-.2 0-.2-.1v-.4l.6-2.3h-.8l-.7 2.2c-.1.4-.2.7-.2 1s.1.4.2.6c.2.1.4.1.8.1.5-.1.9-.3 1.1-.7.3-.3.5-.7.5-1.2.1-.7.3-1.4.4-2H21">
                                </path>
                              </defs>
                              <clipPath id="t">
                                <use xlink:href="#s"></use>
                              </clipPath>
                              <linearGradient id="u" x1="0.729" x2="1.736" y1="50.727" y2="50.727"
                                gradientTransform="matrix(0 4.8319 4.8319 0 -224.794 6.949)"
                                gradientUnits="userSpaceOnUse">
                                <stop offset="0" stop-color="#fff"></stop>
                                <stop offset="1" stop-color="#60c0ed"></stop>
                              </linearGradient>
                              <path fill="url(#u)" d="M18.8 11.1h3.1v4h-3.1z" clip-path="url(#t)"></path>
                              <defs>
                                <path id="v" d="m22.2 11.1-.6 3.5c.3 0 .7-.1 1-.1l.5-3.4c-.3-.1-.6 0-.9 0"></path>
                              </defs>
                              <clipPath id="w">
                                <use xlink:href="#v"></use>
                              </clipPath>
                              <linearGradient id="x" x1="0.729" x2="1.736" y1="50.73" y2="50.73"
                                gradientTransform="matrix(0 4.8319 4.8319 0 -222.807 6.949)"
                                gradientUnits="userSpaceOnUse">
                                <stop offset="0" stop-color="#fff"></stop>
                                <stop offset="1" stop-color="#60c0ed"></stop>
                              </linearGradient>
                              <path fill="url(#x)" d="M21.6 11h1.5v3.5h-1.5z" clip-path="url(#w)"></path>
                              <defs>
                                <path id="y" d="m23.4 11-.4 3.4c.7-.1 1.3-.1 2-.1v-.9h-.9l.2-2.4h-.9"></path>
                              </defs>
                              <clipPath id="z">
                                <use xlink:href="#y"></use>
                              </clipPath>
                              <linearGradient id="AA" x1="0.729" x2="1.736" y1="50.732" y2="50.732"
                                gradientTransform="matrix(0 4.8319 4.8319 0 -221.156 6.949)"
                                gradientUnits="userSpaceOnUse">
                                <stop offset="0" stop-color="#fff"></stop>
                                <stop offset="1" stop-color="#60c0ed"></stop>
                              </linearGradient>
                              <path fill="url(#AA)" d="M23 11h2v3.4h-2z" clip-path="url(#z)"></path>
                              <defs>
                                <path id="AB"
                                  d="M26.1 11.8c.2 0 .3 0 .4.1s.2.1.2.2c.1.1.1.2.1.3 0 .2 0 .3-.1.4 0 .1-.1.2-.2.3s-.2.1-.4.1H26c.1-.4.1-.9.1-1.4m-.9-.8-.1 3.3h1c.4 0 .7-.1 1-.2.2-.2.4-.4.5-.7s.1-.6.1-1c0-.3-.1-.5-.2-.7s-.3-.4-.5-.5-.4-.2-.7-.2h-1.1">
                                </path>
                              </defs>
                              <clipPath id="AC">
                                <use xlink:href="#AB"></use>
                              </clipPath>
                              <linearGradient id="AD" x1="0.729" x2="1.736" y1="50.738" y2="50.738"
                                gradientTransform="matrix(0 4.8319 4.8319 0 -218.76 6.949)"
                                gradientUnits="userSpaceOnUse">
                                <stop offset="0" stop-color="#fff"></stop>
                                <stop offset="1" stop-color="#60c0ed"></stop>
                              </linearGradient>
                              <path fill="url(#AD)" d="M25.1 11h2.5v3.3h-2.5z" clip-path="url(#AC)"></path>
                              <defs>
                                <path id="AE"
                                  d="m27.8 11 .3 3.3c.8.1 1.6.1 2.4.3-.1-.4-.1-.7-.2-1-.5 0-.9-.1-1.4-.1 0-.2 0-.3-.1-.5.3 0 .7 0 1 .1-.1-.3-.1-.6-.2-.9h-.9v-.3c.4 0 .8 0 1.3.1-.1-.3-.1-.6-.2-.8-.7-.2-1.3-.2-2-.2z">
                                </path>
                              </defs>
                              <clipPath id="AF">
                                <use xlink:href="#AE"></use>
                              </clipPath>
                              <linearGradient id="AG" x1="0.729" x2="1.736" y1="50.74" y2="50.74"
                                gradientTransform="matrix(0 4.8319 4.8319 0 -216.03 6.949)"
                                gradientUnits="userSpaceOnUse">
                                <stop offset="0" stop-color="#fff"></stop>
                                <stop offset="1" stop-color="#60c0ed"></stop>
                              </linearGradient>
                              <path fill="url(#AG)" d="M27.8 11h2.7v3.6h-2.7z" clip-path="url(#AF)"></path>
                              <defs>
                                <path id="AH"
                                  d="M31.7 12.7h-.4c-.1-.2-.1-.5-.2-.7h.4c.1 0 .1 0 .2.1.1 0 .1.1.1.1 0 .1.1.1.1.2v.2c0 .1-.1.1-.1.1h-.1m-1.6-1.6.7 3.6c.3 0 .7.1 1 .2l-.3-1.2h.2a9.13 9.13 0 0 0 .8 1.3c.4.1.8.2 1.2.2l-1-1.6c.1-.1.2-.3.2-.5s0-.4-.1-.6l-.3-.6c-.1-.2-.3-.4-.5-.5s-.4-.2-.5-.2c-.5-.1-.9-.1-1.4-.1z">
                                </path>
                              </defs>
                              <clipPath id="AI">
                                <use xlink:href="#AH"></use>
                              </clipPath>
                              <linearGradient id="AJ" x1="0.729" x2="1.736" y1="50.743" y2="50.743"
                                gradientTransform="matrix(0 4.8319 4.8319 0 -213.286 6.949)"
                                gradientUnits="userSpaceOnUse">
                                <stop offset="0" stop-color="#fff"></stop>
                                <stop offset="1" stop-color="#60c0ed"></stop>
                              </linearGradient>
                              <path fill="url(#AJ)" d="M30.1 11.1h3.6v4.1h-3.6z" clip-path="url(#AI)"></path>
                              <defs>
                                <path id="AK"
                                  d="M33.5 10.5c-.2 0-.3.1-.4.2s-.2.3-.2.5 0 .5.1.7c.1.3.2.5.4.7s.3.4.5.5c.2.2.4.3.7.5 0 0 .1 0 .1.1 0 0 .1 0 .1.1.2.2.4.3.5.4s.2.2.2.3v.2s-.1.1-.2 0l-1.5-.3c.2.6.4 1.1.5 1.7l2.1.6c.3.1.5.1.7-.1.1-.2.2-.4.1-.8 0-.3-.1-.7-.3-1.1s-.3-.7-.6-1c-.2-.3-.4-.5-.6-.6-.2-.2-.4-.3-.7-.5-.2-.1-.3-.2-.4-.2-.1-.1-.2-.1-.2-.2-.1-.1-.1-.1-.1-.2v-.2h.2c.4 0 .8.1 1.2.1l-.6-1.4h-1.6z">
                                </path>
                              </defs>
                              <clipPath id="AL">
                                <use xlink:href="#AK"></use>
                              </clipPath>
                              <linearGradient id="AM" x1="0.729" x2="1.736" y1="50.748" y2="50.748"
                                gradientTransform="matrix(0 4.8319 4.8319 0 -210.207 6.949)"
                                gradientUnits="userSpaceOnUse">
                                <stop offset="0" stop-color="#fff"></stop>
                                <stop offset="1" stop-color="#60c0ed"></stop>
                              </linearGradient>
                              <path fill="url(#AM)" d="M32.8 10.5h4.4v6.4h-4.4z" clip-path="url(#AL)"></path>
                            </svg></span>
                          <div aria-hidden="true" class="product__pricing_area show-on-small-screen"
                            data-testid="small-screen-pricing">
                            <section class="sc-a74e72d4-0 hdFZxN product__pricing product__pricing"
                              data-testid="product_price">
                              <div class="price"><span class="price__value" data-testid="product-pricing"
                                  aria-label="Price $4.00">$4.00</span></div>
                              <div class="price__calculation_method">$2.50 per 100g</div>
                            </section>
                            <div class="product__rating_area" data-testid="product-rating">
                              <div data-bv-show="inline_rating" data-bv-product-id="5556581"></div>
                            </div>
                            <div role="status"></div>
                          </div>
                        </div>
                      </header>
                    </div>
                    <div class="product__cta_section">
                      <div aria-hidden="false" class="product__pricing_area hide-on-small-screen"
                        data-testid="large-screen-pricing">
                        <section class="sc-a74e72d4-0 hdFZxN product__pricing product__pricing"
                          data-testid="product_price">
                          <div class="price"><span class="price__value" data-testid="product-pricing"
                              aria-label="Price $4.00">$4.00</span></div>
                          <div class="price__calculation_method">$2.50 per 100g</div>
                        </section>
                        <div class="product__rating_area" data-testid="product-rating">
                          <div data-bv-show="inline_rating" data-bv-product-id="5556581"></div>
                        </div>
                        <div role="status"></div>
                      </div>
                      <div data-testid="product-tile-cta-content">
                        <div class="product__lists_cta_wrapper">
                          <div data-testid="add-to-cart"
                            class="sc-bb8990ec-0 iPUtwI product__add_to_cart product__add_to_cart"><button
                              data-testid="add-to-cart-button"
                              aria-label="Add Lifesavers Bananas                                                                                                                          to the trolley"
                              class="sc-1a0c6950-0 bPjHUF product-tiles-btn coles-targeting-ButtonButton button"><span
                                aria-hidden="false"
                                class="sc-d01591ce-0 doDoww coles-targeting-ButtonButtonChildContainer"><svg
                                  focusable="false" xmlns="http://www.w3.org/2000/svg" width="24" height="24"
                                  viewBox="0 0 24 24">
                                  <g fill="none" fill-rule="evenodd">
                                    <path stroke="currentColor" stroke-linecap="round" stroke-linejoin="round"
                                      stroke-width="2" vector-effect="non-scaling-stroke"
                                      d="M8,22 C8.55228475,22 9,21.5522847 9,21 C9,20.4477153 8.55228475,20 8,20 C7.44771525,20 7,20.4477153 7,21 C7,21.5522847 7.44771525,22 8,22 Z M18,22 C18.5522847,22 19,21.5522847 19,21 C19,20.4477153 18.5522847,20 18,20 C17.4477153,20 17,20.4477153 17,21 C17,21.5522847 17.4477153,22 18,22 Z M2,3 L4.5,3 L6.68,14.39 C6.86873697,15.3402315 7.71138394,16.0185624 8.68,16 L17.4,16 C18.3686161,16.0185624 19.211263,15.3402315 19.4,14.39 L21,7 M13,12 L13,6 M10,9 L16,9">
                                    </path>
                                  </g>
                                </svg>Add</span></button></div>
                        </div>
                      </div>
                    </div>
                  </section>
                  <section data-testid="product-tile"
                    class="sc-cd26f304-1 eMqtFX coles-targeting-ProductTileProductTileWrapper">
                    <div class="sc-db96e1e2-0 gKiRyN coles-targeting-ProductTileHat coles-targeting-ProductTileHat"
                      data-testid="product-hat"></div>
                    <div class="sc-cd26f304-2 dipGkY coles-targeting-ProductTileHeaderWrapper">
                      <header class="product__header">
                        <div class="product__image_area"><a class="product__link product__image"
                            aria-label="Coles Banana Bread | 550g" href="/product/coles-banana-bread-550g-9120090"><span
                              style="box-sizing:border-box;display:inline-block;overflow:hidden;width:initial;height:initial;background:none;opacity:1;border:0;margin:0;padding:0;position:relative;max-width:100%"><span
                                style="box-sizing:border-box;display:block;width:initial;height:initial;background:none;opacity:1;border:0;margin:0;padding:0;max-width:100%"><img
                                  style="display:block;max-width:100%;width:initial;height:initial;background:none;opacity:1;border:0;margin:0;padding:0"
                                  alt="" aria-hidden="true"
                                  src="data:image/svg+xml,%3csvg%20xmlns=%27http://www.w3.org/2000/svg%27%20version=%271.1%27%20width=%27200%27%20height=%27200%27/%3e"></span><img
                                alt="Coles Banana Bread | 550g" data-testid="product-image"
                                src="data:image/gif;base64,R0lGODlhAQABAIAAAAAAAP///yH5BAEAAAAALAAAAAABAAEAAAIBRAA7"
                                decoding="async" data-nimg="intrinsic"
                                style="position:absolute;top:0;left:0;bottom:0;right:0;box-sizing:border-box;padding:0;border:none;margin:auto;display:block;width:0;height:0;min-width:100%;max-width:100%;min-height:100%;max-height:100%"><noscript><img
                                  alt="Coles Banana Bread | 550g" data-testid="product-image"
                                  srcSet="https://productimages.coles.com.au/productimages/9/9120090.jpg?w=200 1x, https://productimages.coles.com.au/productimages/9/9120090.jpg?w=200 2x"
                                  src="https://productimages.coles.com.au/productimages/9/9120090.jpg?w=200"
                                  decoding="async" data-nimg="intrinsic"
                                  style="position:absolute;top:0;left:0;bottom:0;right:0;box-sizing:border-box;padding:0;border:none;margin:auto;display:block;width:0;height:0;min-width:100%;max-width:100%;min-height:100%;max-height:100%"
                                  loading="lazy" /></noscript></span></a></div>
                        <div class="product__message-title_area"><a class="product__link" tabindex="-1"
                            href="/product/coles-banana-bread-550g-9120090">
                            <h2 class="LinesEllipsis  product__title">Coles Banana Bread | 550g<wbr></h2>
                          </a><span data-testid="every-day"
                            class="sc-3d9feb9c-0 dzuHVY product__badge product__badge"><span
                              class="roundel-text every-day">EVERY DAY</span></span>
                          <div aria-hidden="true" class="product__pricing_area show-on-small-screen"
                            data-testid="small-screen-pricing">
                            <section class="sc-a74e72d4-0 hdFZxN product__pricing product__pricing"
                              data-testid="product_price">
                              <div class="price"><span class="price__value" data-testid="product-pricing"
                                  aria-label="Price $5.60">$5.60</span></div>
                              <div class="price__calculation_method">$1.02 per 100g</div>
                            </section>
                            <div class="product__rating_area" data-testid="product-rating">
                              <div data-bv-show="inline_rating" data-bv-product-id="9120090"></div>
                            </div>
                            <div role="status"></div>
                          </div>
                        </div>
                      </header>
                    </div>
                    <div class="product__cta_section">
                      <div aria-hidden="false" class="product__pricing_area hide-on-small-screen"
                        data-testid="large-screen-pricing">
                        <section class="sc-a74e72d4-0 hdFZxN product__pricing product__pricing"
                          data-testid="product_price">
                          <div class="price"><span class="price__value" data-testid="product-pricing"
                              aria-label="Price $5.60">$5.60</span></div>
                          <div class="price__calculation_method">$1.02 per 100g</div>
                        </section>
                        <div class="product__rating_area" data-testid="product-rating">
                          <div data-bv-show="inline_rating" data-bv-product-id="9120090"></div>
                        </div>
                        <div role="status"></div>
                      </div>
                      <div data-testid="product-tile-cta-content">
                        <div class="product__lists_cta_wrapper">
                          <div data-testid="add-to-cart"
                            class="sc-bb8990ec-0 iPUtwI product__add_to_cart product__add_to_cart"><button
                              data-testid="add-to-cart-button" aria-label="Add Coles Banana Bread to the trolley"
                              class="sc-1a0c6950-0 bPjHUF product-tiles-btn coles-targeting-ButtonButton button"><span
                                aria-hidden="false"
                                class="sc-d01591ce-0 doDoww coles-targeting-ButtonButtonChildContainer"><svg
                                  focusable="false" xmlns="http://www.w3.org/2000/svg" width="24" height="24"
                                  viewBox="0 0 24 24">
                                  <g fill="none" fill-rule="evenodd">
                                    <path stroke="currentColor" stroke-linecap="round" stroke-linejoin="round"
                                      stroke-width="2" vector-effect="non-scaling-stroke"
                                      d="M8,22 C8.55228475,22 9,21.5522847 9,21 C9,20.4477153 8.55228475,20 8,20 C7.44771525,20 7,20.4477153 7,21 C7,21.5522847 7.44771525,22 8,22 Z M18,22 C18.5522847,22 19,21.5522847 19,21 C19,20.4477153 18.5522847,20 18,20 C17.4477153,20 17,20.4477153 17,21 C17,21.5522847 17.4477153,22 18,22 Z M2,3 L4.5,3 L6.68,14.39 C6.86873697,15.3402315 7.71138394,16.0185624 8.68,16 L17.4,16 C18.3686161,16.0185624 19.211263,15.3402315 19.4,14.39 L21,7 M13,12 L13,6 M10,9 L16,9">
                                    </path>
                                  </g>
                                </svg>Add</span></button></div>
                        </div>
                      </div>
                    </div>
                  </section>
                  <section data-testid="product-tile"
                    class="sc-cd26f304-1 iwnChu coles-targeting-ProductTileProductTileWrapper">
                    <div
                      class="sc-db96e1e2-0 gKiRyN coles-targeting-ProductTileHat is-special coles-targeting-ProductTileHat is-special"
                      data-testid="product-hat">Special</div>
                    <div class="sc-cd26f304-2 dipGkY coles-targeting-ProductTileHeaderWrapper">
                      <header class="product__header">
                        <div class="product__image_area"><a class="product__link product__image"
                            aria-label="Coles Banana Muffins | 9 Pack"
                            href="/product/coles-banana-muffins-9-pack-2728964"><span
                              style="box-sizing:border-box;display:inline-block;overflow:hidden;width:initial;height:initial;background:none;opacity:1;border:0;margin:0;padding:0;position:relative;max-width:100%"><span
                                style="box-sizing:border-box;display:block;width:initial;height:initial;background:none;opacity:1;border:0;margin:0;padding:0;max-width:100%"><img
                                  style="display:block;max-width:100%;width:initial;height:initial;background:none;opacity:1;border:0;margin:0;padding:0"
                                  alt="" aria-hidden="true"
                                  src="data:image/svg+xml,%3csvg%20xmlns=%27http://www.w3.org/2000/svg%27%20version=%271.1%27%20width=%27200%27%20height=%27200%27/%3e"></span><img
                                alt="Coles Banana Muffins | 9 Pack" data-testid="product-image"
                                src="data:image/gif;base64,R0lGODlhAQABAIAAAAAAAP///yH5BAEAAAAALAAAAAABAAEAAAIBRAA7"
                                decoding="async" data-nimg="intrinsic"
                                style="position:absolute;top:0;left:0;bottom:0;right:0;box-sizing:border-box;padding:0;border:none;margin:auto;display:block;width:0;height:0;min-width:100%;max-width:100%;min-height:100%;max-height:100%"><noscript><img
                                  alt="Coles Banana Muffins | 9 Pack" data-testid="product-image"
                                  srcSet="https://productimages.coles.com.au/productimages/2/2728964.jpg?w=200 1x, https://productimages.coles.com.au/productimages/2/2728964.jpg?w=200 2x"
                                  src="https://productimages.coles.com.au/productimages/2/2728964.jpg?w=200"
                                  decoding="async" data-nimg="intrinsic"
                                  style="position:absolute;top:0;left:0;bottom:0;right:0;box-sizing:border-box;padding:0;border:none;margin:auto;display:block;width:0;height:0;min-width:100%;max-width:100%;min-height:100%;max-height:100%"
                                  loading="lazy" /></noscript></span></a></div>
                        <div class="product__message-title_area"><a class="product__link" tabindex="-1"
                            href="/product/coles-banana-muffins-9-pack-2728964">
                            <h2 class="LinesEllipsis  product__title">Coles Banana Muffins | 9 Pack<wbr></h2>
                          </a><span data-testid="multi_save"
                            class="sc-3d9feb9c-0 lcdPHl product__badge product__badge"><span
                              class="roundel-text multi_save">SPECIAL</span></span>
                          <div aria-hidden="true" class="product__pricing_area show-on-small-screen"
                            data-testid="small-screen-pricing">
                            <section class="sc-a74e72d4-0 hdFZxN product__pricing product__pricing"
                              data-testid="product_price">
                              <div class="price"><span class="price__value" data-testid="product-pricing"
                                  aria-label="Price $4.70">$4.70</span></div>
                              <div class="price__calculation_method">$0.52 per 1ea</div>
                            </section>
                            <div class="product__rating_area" data-testid="product-rating">
                              <div data-bv-show="inline_rating" data-bv-product-id="2728964"></div>
                            </div>
                            <div class="sc-cd26f304-8 drqhju coles-targeting-ProductTileMultiBuyContainer">
                              <div class="product__offers_description" data-testid="offers"><span
                                  class="product_promotion complex"><button data-testid="complex-promotion-link"
                                    class="sc-51aa5295-0 sc-51aa5295-1 sc-cd26f304-5 cHvTlj dhaZI caCUyh coles-targeting-LinkLinkInternal link coles-targeting-LinkLinkInternal link coles-targeting-LinkLinkInternal link coles-targeting-LinkLinkInternal link"
                                    tabindex="0" target="">Pick any 2 for $8</button></span></div>
                            </div>
                            <div role="status"></div>
                          </div>
                        </div>
                      </header>
                    </div>
                    <div class="product__cta_section">
                      <div aria-hidden="false" class="product__pricing_area hide-on-small-screen"
                        data-testid="large-screen-pricing">
                        <section class="sc-a74e72d4-0 hdFZxN product__pricing product__pricing"
                          data-testid="product_price">
                          <div class="price"><span class="price__value" data-testid="product-pricing"
                              aria-label="Price $4.70">$4.70</span></div>
                          <div class="price__calculation_method">$0.52 per 1ea</div>
                        </section>
                        <div class="product__rating_area" data-testid="product-rating">
                          <div data-bv-show="inline_rating" data-bv-product-id="2728964"></div>
                        </div>
                        <div class="sc-cd26f304-8 drqhju coles-targeting-ProductTileMultiBuyContainer">
                          <div class="product__offers_description" data-testid="offers"><span
                              class="product_promotion complex"><button data-testid="complex-promotion-link"
                                class="sc-51aa5295-0 sc-51aa5295-1 sc-cd26f304-5 cHvTlj dhaZI caCUyh coles-targeting-LinkLinkInternal link coles-targeting-LinkLinkInternal link coles-targeting-LinkLinkInternal link coles-targeting-LinkLinkInternal link"
                                tabindex="0" target="">Pick any 2 for $8</button></span></div>
                        </div>
                        <div role="status"></div>
                      </div>
                      <div data-testid="product-tile-cta-content">
                        <div class="product__lists_cta_wrapper">
                          <div data-testid="add-to-cart"
                            class="sc-bb8990ec-0 iPUtwI product__add_to_cart product__add_to_cart"><button
                              data-testid="add-to-cart-button" aria-label="Add Coles Banana Muffins to the trolley"
                              class="sc-1a0c6950-0 bPjHUF product-tiles-btn coles-targeting-ButtonButton button"><span
                                aria-hidden="false"
                                class="sc-d01591ce-0 doDoww coles-targeting-ButtonButtonChildContainer"><svg
                                  focusable="false" xmlns="http://www.w3.org/2000/svg" width="24" height="24"
                                  viewBox="0 0 24 24">
                                  <g fill="none" fill-rule="evenodd">
                                    <path stroke="currentColor" stroke-linecap="round" stroke-linejoin="round"
                                      stroke-width="2" vector-effect="non-scaling-stroke"
                                      d="M8,22 C8.55228475,22 9,21.5522847 9,21 C9,20.4477153 8.55228475,20 8,20 C7.44771525,20 7,20.4477153 7,21 C7,21.5522847 7.44771525,22 8,22 Z M18,22 C18.5522847,22 19,21.5522847 19,21 C19,20.4477153 18.5522847,20 18,20 C17.4477153,20 17,20.4477153 17,21 C17,21.5522847 17.4477153,22 18,22 Z M2,3 L4.5,3 L6.68,14.39 C6.86873697,15.3402315 7.71138394,16.0185624 8.68,16 L17.4,16 C18.3686161,16.0185624 19.211263,15.3402315 19.4,14.39 L21,7 M13,12 L13,6 M10,9 L16,9">
                                    </path>
                                  </g>
                                </svg>Add</span></button></div>
                        </div>
                      </div>
                    </div>
                  </section>
                  <section data-testid="product-tile"
                    class="sc-cd26f304-1 eMqtFX coles-targeting-ProductTileProductTileWrapper">
                    <div
                      class="sc-db96e1e2-0 gKiRyN coles-targeting-ProductTileHat is-special coles-targeting-ProductTileHat is-special"
                      data-testid="product-hat">Special</div>
                    <div class="sc-cd26f304-2 dipGkY coles-targeting-ProductTileHeaderWrapper">
                      <header class="product__header">
                        <div class="product__image_area"><a class="product__link product__image"
                            aria-label="Serious Frozen Fruit Chocolate Banana Bites | 250g"
                            href="/product/serious-frozen-fruit-chocolate-banana-bites-250g-4928090"><span
                              style="box-sizing:border-box;display:inline-block;overflow:hidden;width:initial;height:initial;background:none;opacity:1;border:0;margin:0;padding:0;position:relative;max-width:100%"><span
                                style="box-sizing:border-box;display:block;width:initial;height:initial;background:none;opacity:1;border:0;margin:0;padding:0;max-width:100%"><img
                                  style="display:block;max-width:100%;width:initial;height:initial;background:none;opacity:1;border:0;margin:0;padding:0"
                                  alt="" aria-hidden="true"
                                  src="data:image/svg+xml,%3csvg%20xmlns=%27http://www.w3.org/2000/svg%27%20version=%271.1%27%20width=%27200%27%20height=%27200%27/%3e"></span><img
                                alt="Serious Frozen Fruit Chocolate Banana Bites | 250g" data-testid="product-image"
                                src="data:image/gif;base64,R0lGODlhAQABAIAAAAAAAP///yH5BAEAAAAALAAAAAABAAEAAAIBRAA7"
                                decoding="async" data-nimg="intrinsic"
                                style="position:absolute;top:0;left:0;bottom:0;right:0;box-sizing:border-box;padding:0;border:none;margin:auto;display:block;width:0;height:0;min-width:100%;max-width:100%;min-height:100%;max-height:100%"><noscript><img
                                  alt="Serious Frozen Fruit Chocolate Banana Bites | 250g" data-testid="product-image"
                                  srcSet="https://productimages.coles.com.au/productimages/4/4928090.jpg?w=200 1x, https://productimages.coles.com.au/productimages/4/4928090.jpg?w=200 2x"
                                  src="https://productimages.coles.com.au/productimages/4/4928090.jpg?w=200"
                                  decoding="async" data-nimg="intrinsic"
                                  style="position:absolute;top:0;left:0;bottom:0;right:0;box-sizing:border-box;padding:0;border:none;margin:auto;display:block;width:0;height:0;min-width:100%;max-width:100%;min-height:100%;max-height:100%"
                                  loading="lazy" /></noscript></span></a></div>
                        <div class="product__message-title_area"><a class="product__link" tabindex="-1"
                            href="/product/serious-frozen-fruit-chocolate-banana-bites-250g-4928090">
                            <h2 class="LinesEllipsis  product__title">Serious Frozen Fruit Chocolate Banana Bites |
                              250g<wbr></h2>
                          </a><span data-testid="simple-fixed-price-specials"
                            class="sc-3d9feb9c-0 lcdPHl product__badge product__badge"><span
                              class="roundel-text simple-fixed-price-specials">SPECIAL</span></span>
                          <div aria-hidden="true" class="product__pricing_area show-on-small-screen"
                            data-testid="small-screen-pricing">
                            <section class="sc-a74e72d4-0 hdFZxN product__pricing product__pricing"
                              data-testid="product_price">
                              <div class="price"><span class="price__value" data-testid="product-pricing"
                                  aria-label="Price $7.00">$7.00</span><span data-testid="badge-wrapper" type="savings"
                                  class="sc-3828539d-0 fCMmiz badge is-small badge is-small">
                                  <section aria-label="" class="badge-label">Save $0.50</section>
                                </span></div>
                              <div class="price__calculation_method">$2.80 per 100g<span class="price__was"> | Was
                                  $7.50</span></div>
                            </section>
                            <div class="product__rating_area" data-testid="product-rating">
                              <div data-bv-show="inline_rating" data-bv-product-id="4928090"></div>
                            </div>
                            <div role="status"></div>
                          </div>
                        </div>
                      </header>
                    </div>
                    <div class="product__cta_section">
                      <div aria-hidden="false" class="product__pricing_area hide-on-small-screen"
                        data-testid="large-screen-pricing">
                        <section class="sc-a74e72d4-0 hdFZxN product__pricing product__pricing"
                          data-testid="product_price">
                          <div class="price"><span class="price__value" data-testid="product-pricing"
                              aria-label="Price $7.00">$7.00</span><span data-testid="badge-wrapper" type="savings"
                              class="sc-3828539d-0 fCMmiz badge is-small badge is-small">
                              <section aria-label="" class="badge-label">Save $0.50</section>
                            </span></div>
                          <div class="price__calculation_method">$2.80 per 100g<span class="price__was"> | Was
                              $7.50</span></div>
                        </section>
                        <div class="product__rating_area" data-testid="product-rating">
                          <div data-bv-show="inline_rating" data-bv-product-id="4928090"></div>
                        </div>
                        <div role="status"></div>
                      </div>
                      <div data-testid="product-tile-cta-content">
                        <div class="product__lists_cta_wrapper">
                          <div data-testid="add-to-cart"
                            class="sc-bb8990ec-0 iPUtwI product__add_to_cart product__add_to_cart"><button
                              data-testid="add-to-cart-button"
                              aria-label="Add Serious Frozen Fruit Chocolate Banana Bites to the trolley"
                              class="sc-1a0c6950-0 bPjHUF product-tiles-btn coles-targeting-ButtonButton button"><span
                                aria-hidden="false"
                                class="sc-d01591ce-0 doDoww coles-targeting-ButtonButtonChildContainer"><svg
                                  focusable="false" xmlns="http://www.w3.org/2000/svg" width="24" height="24"
                                  viewBox="0 0 24 24">
                                  <g fill="none" fill-rule="evenodd">
                                    <path stroke="currentColor" stroke-linecap="round" stroke-linejoin="round"
                                      stroke-width="2" vector-effect="non-scaling-stroke"
                                      d="M8,22 C8.55228475,22 9,21.5522847 9,21 C9,20.4477153 8.55228475,20 8,20 C7.44771525,20 7,20.4477153 7,21 C7,21.5522847 7.44771525,22 8,22 Z M18,22 C18.5522847,22 19,21.5522847 19,21 C19,20.4477153 18.5522847,20 18,20 C17.4477153,20 17,20.4477153 17,21 C17,21.5522847 17.4477153,22 18,22 Z M2,3 L4.5,3 L6.68,14.39 C6.86873697,15.3402315 7.71138394,16.0185624 8.68,16 L17.4,16 C18.3686161,16.0185624 19.211263,15.3402315 19.4,14.39 L21,7 M13,12 L13,6 M10,9 L16,9">
                                    </path>
                                  </g>
                                </svg>Add</span></button></div>
                        </div>
                      </div>
                    </div>
                  </section>
                  <section data-testid="product-tile"
                    class="sc-cd26f304-1 eMqtFX coles-targeting-ProductTileProductTileWrapper">
                    <div class="sc-db96e1e2-0 gKiRyN coles-targeting-ProductTileHat coles-targeting-ProductTileHat"
                      data-testid="product-hat"></div>
                    <div class="sc-cd26f304-2 dipGkY coles-targeting-ProductTileHeaderWrapper">
                      <header class="product__header">
                        <div class="product__image_area"><a class="product__link product__image"
                            aria-label="Coles Banana Chips | 200g" href="/product/coles-banana-chips-200g-3017655"><span
                              style="box-sizing:border-box;display:inline-block;overflow:hidden;width:initial;height:initial;background:none;opacity:1;border:0;margin:0;padding:0;position:relative;max-width:100%"><span
                                style="box-sizing:border-box;display:block;width:initial;height:initial;background:none;opacity:1;border:0;margin:0;padding:0;max-width:100%"><img
                                  style="display:block;max-width:100%;width:initial;height:initial;background:none;opacity:1;border:0;margin:0;padding:0"
                                  alt="" aria-hidden="true"
                                  src="data:image/svg+xml,%3csvg%20xmlns=%27http://www.w3.org/2000/svg%27%20version=%271.1%27%20width=%27200%27%20height=%27200%27/%3e"></span><img
                                alt="Coles Banana Chips | 200g" data-testid="product-image"
                                src="data:image/gif;base64,R0lGODlhAQABAIAAAAAAAP///yH5BAEAAAAALAAAAAABAAEAAAIBRAA7"
                                decoding="async" data-nimg="intrinsic"
                                style="position:absolute;top:0;left:0;bottom:0;right:0;box-sizing:border-box;padding:0;border:none;margin:auto;display:block;width:0;height:0;min-width:100%;max-width:100%;min-height:100%;max-height:100%"><noscript><img
                                  alt="Coles Banana Chips | 200g" data-testid="product-image"
                                  srcSet="https://productimages.coles.com.au/productimages/3/3017655.jpg?w=200 1x, https://productimages.coles.com.au/productimages/3/3017655.jpg?w=200 2x"
                                  src="https://productimages.coles.com.au/productimages/3/3017655.jpg?w=200"
                                  decoding="async" data-nimg="intrinsic"
                                  style="position:absolute;top:0;left:0;bottom:0;right:0;box-sizing:border-box;padding:0;border:none;margin:auto;display:block;width:0;height:0;min-width:100%;max-width:100%;min-height:100%;max-height:100%"
                                  loading="lazy" /></noscript></span></a></div>
                        <div class="product__message-title_area"><a class="product__link" tabindex="-1"
                            href="/product/coles-banana-chips-200g-3017655">
                            <h2 class="LinesEllipsis  product__title">Coles Banana Chips | 200g<wbr></h2>
                          </a><span data-testid="every-day"
                            class="sc-3d9feb9c-0 dzuHVY product__badge product__badge"><span
                              class="roundel-text every-day">EVERY DAY</span></span>
                          <div aria-hidden="true" class="product__pricing_area show-on-small-screen"
                            data-testid="small-screen-pricing">
                            <section class="sc-a74e72d4-0 hdFZxN product__pricing product__pricing"
                              data-testid="product_price">
                              <div class="price"><span class="price__value" data-testid="product-pricing"
                                  aria-label="Price $2.00">$2.00</span></div>
                              <div class="price__calculation_method">$10.00 per 1kg</div>
                            </section>
                            <div class="product__rating_area" data-testid="product-rating">
                              <div data-bv-show="inline_rating" data-bv-product-id="3017655"></div>
                            </div>
                            <div role="status"></div>
                          </div>
                        </div>
                      </header>
                    </div>
                    <div class="product__cta_section">
                      <div aria-hidden="false" class="product__pricing_area hide-on-small-screen"
                        data-testid="large-screen-pricing">
                        <section class="sc-a74e72d4-0 hdFZxN product__pricing product__pricing"
                          data-testid="product_price">
                          <div class="price"><span class="price__value" data-testid="product-pricing"
                              aria-label="Price $2.00">$2.00</span></div>
                          <div class="price__calculation_method">$10.00 per 1kg</div>
                        </section>
                        <div class="product__rating_area" data-testid="product-rating">
                          <div data-bv-show="inline_rating" data-bv-product-id="3017655"></div>
                        </div>
                        <div role="status"></div>
                      </div>
                      <div data-testid="product-tile-cta-content">
                        <div class="product__lists_cta_wrapper">
                          <div data-testid="add-to-cart"
                            class="sc-bb8990ec-0 iPUtwI product__add_to_cart product__add_to_cart"><button
                              data-testid="add-to-cart-button" aria-label="Add Coles Banana Chips to the trolley"
                              class="sc-1a0c6950-0 bPjHUF product-tiles-btn coles-targeting-ButtonButton button"><span
                                aria-hidden="false"
                                class="sc-d01591ce-0 doDoww coles-targeting-ButtonButtonChildContainer"><svg
                                  focusable="false" xmlns="http://www.w3.org/2000/svg" width="24" height="24"
                                  viewBox="0 0 24 24">
                                  <g fill="none" fill-rule="evenodd">
                                    <path stroke="currentColor" stroke-linecap="round" stroke-linejoin="round"
                                      stroke-width="2" vector-effect="non-scaling-stroke"
                                      d="M8,22 C8.55228475,22 9,21.5522847 9,21 C9,20.4477153 8.55228475,20 8,20 C7.44771525,20 7,20.4477153 7,21 C7,21.5522847 7.44771525,22 8,22 Z M18,22 C18.5522847,22 19,21.5522847 19,21 C19,20.4477153 18.5522847,20 18,20 C17.4477153,20 17,20.4477153 17,21 C17,21.5522847 17.4477153,22 18,22 Z M2,3 L4.5,3 L6.68,14.39 C6.86873697,15.3402315 7.71138394,16.0185624 8.68,16 L17.4,16 C18.3686161,16.0185624 19.211263,15.3402315 19.4,14.39 L21,7 M13,12 L13,6 M10,9 L16,9">
                                    </path>
                                  </g>
                                </svg>Add</span></button></div>
                        </div>
                      </div>
                    </div>
                  </section>
                  <section data-testid="product-tile"
                    class="sc-cd26f304-1 eMqtFX coles-targeting-ProductTileProductTileWrapper">
                    <div class="sc-db96e1e2-0 gKiRyN coles-targeting-ProductTileHat coles-targeting-ProductTileHat"
                      data-testid="product-hat"></div>
                    <div class="sc-cd26f304-2 dipGkY coles-targeting-ProductTileHeaderWrapper">
                      <header class="product__header">
                        <div class="product__image_area"><a class="product__link product__image"
                            aria-label="Coles Banana Caramel Cake | 400g"
                            href="/product/coles-banana-caramel-cake-400g-5577038"><span
                              style="box-sizing:border-box;display:inline-block;overflow:hidden;width:initial;height:initial;background:none;opacity:1;border:0;margin:0;padding:0;position:relative;max-width:100%"><span
                                style="box-sizing:border-box;display:block;width:initial;height:initial;background:none;opacity:1;border:0;margin:0;padding:0;max-width:100%"><img
                                  style="display:block;max-width:100%;width:initial;height:initial;background:none;opacity:1;border:0;margin:0;padding:0"
                                  alt="" aria-hidden="true"
                                  src="data:image/svg+xml,%3csvg%20xmlns=%27http://www.w3.org/2000/svg%27%20version=%271.1%27%20width=%27200%27%20height=%27200%27/%3e"></span><img
                                alt="Coles Banana Caramel Cake | 400g" data-testid="product-image"
                                src="data:image/gif;base64,R0lGODlhAQABAIAAAAAAAP///yH5BAEAAAAALAAAAAABAAEAAAIBRAA7"
                                decoding="async" data-nimg="intrinsic"
                                style="position:absolute;top:0;left:0;bottom:0;right:0;box-sizing:border-box;padding:0;border:none;margin:auto;display:block;width:0;height:0;min-width:100%;max-width:100%;min-height:100%;max-height:100%"><noscript><img
                                  alt="Coles Banana Caramel Cake | 400g" data-testid="product-image"
                                  srcSet="https://productimages.coles.com.au/productimages/5/5577038.jpg?w=200 1x, https://productimages.coles.com.au/productimages/5/5577038.jpg?w=200 2x"
                                  src="https://productimages.coles.com.au/productimages/5/5577038.jpg?w=200"
                                  decoding="async" data-nimg="intrinsic"
                                  style="position:absolute;top:0;left:0;bottom:0;right:0;box-sizing:border-box;padding:0;border:none;margin:auto;display:block;width:0;height:0;min-width:100%;max-width:100%;min-height:100%;max-height:100%"
                                  loading="lazy" /></noscript></span></a></div>
                        <div class="product__message-title_area"><a class="product__link" tabindex="-1"
                            href="/product/coles-banana-caramel-cake-400g-5577038">
                            <h2 class="LinesEllipsis  product__title">Coles Banana Caramel Cake | 400g<wbr></h2>
                          </a>
                          <div aria-hidden="true" class="product__pricing_area show-on-small-screen"
                            data-testid="small-screen-pricing">
                            <section class="sc-a74e72d4-0 hdFZxN product__pricing product__pricing"
                              data-testid="product_price">
                              <div class="price"><span class="price__value" data-testid="product-pricing"
                                  aria-label="Price $5.50">$5.50</span></div>
                              <div class="price__calculation_method">$1.38 per 100g</div>
                            </section>
                            <div class="product__rating_area" data-testid="product-rating">
                              <div data-bv-show="inline_rating" data-bv-product-id="5577038"></div>
                            </div>
                            <div role="status"></div>
                          </div>
                        </div>
                      </header>
                    </div>
                    <div class="product__cta_section">
                      <div aria-hidden="false" class="product__pricing_area hide-on-small-screen"
                        data-testid="large-screen-pricing">
                        <section class="sc-a74e72d4-0 hdFZxN product__pricing product__pricing"
                          data-testid="product_price">
                          <div class="price"><span class="price__value" data-testid="product-pricing"
                              aria-label="Price $5.50">$5.50</span></div>
                          <div class="price__calculation_method">$1.38 per 100g</div>
                        </section>
                        <div class="product__rating_area" data-testid="product-rating">
                          <div data-bv-show="inline_rating" data-bv-product-id="5577038"></div>
                        </div>
                        <div role="status"></div>
                      </div>
                      <div data-testid="product-tile-cta-content">
                        <div class="product__lists_cta_wrapper">
                          <div data-testid="add-to-cart"
                            class="sc-bb8990ec-0 iPUtwI product__add_to_cart product__add_to_cart"><button
                              data-testid="add-to-cart-button" aria-label="Add Coles Banana Caramel Cake to the trolley"
                              class="sc-1a0c6950-0 bPjHUF product-tiles-btn coles-targeting-ButtonButton button"><span
                                aria-hidden="false"
                                class="sc-d01591ce-0 doDoww coles-targeting-ButtonButtonChildContainer"><svg
                                  focusable="false" xmlns="http://www.w3.org/2000/svg" width="24" height="24"
                                  viewBox="0 0 24 24">
                                  <g fill="none" fill-rule="evenodd">
                                    <path stroke="currentColor" stroke-linecap="round" stroke-linejoin="round"
                                      stroke-width="2" vector-effect="non-scaling-stroke"
                                      d="M8,22 C8.55228475,22 9,21.5522847 9,21 C9,20.4477153 8.55228475,20 8,20 C7.44771525,20 7,20.4477153 7,21 C7,21.5522847 7.44771525,22 8,22 Z M18,22 C18.5522847,22 19,21.5522847 19,21 C19,20.4477153 18.5522847,20 18,20 C17.4477153,20 17,20.4477153 17,21 C17,21.5522847 17.4477153,22 18,22 Z M2,3 L4.5,3 L6.68,14.39 C6.86873697,15.3402315 7.71138394,16.0185624 8.68,16 L17.4,16 C18.3686161,16.0185624 19.211263,15.3402315 19.4,14.39 L21,7 M13,12 L13,6 M10,9 L16,9">
                                    </path>
                                  </g>
                                </svg>Add</span></button></div>
                        </div>
                      </div>
                    </div>
                  </section>
                  <section data-testid="product-tile"
                    class="sc-cd26f304-1 eMqtFX coles-targeting-ProductTileProductTileWrapper">
                    <div class="sc-db96e1e2-0 gKiRyN coles-targeting-ProductTileHat coles-targeting-ProductTileHat"
                      data-testid="product-hat"></div>
                    <div class="sc-cd26f304-2 dipGkY coles-targeting-ProductTileHeaderWrapper">
                      <header class="product__header">
                        <div class="product__image_area"><a class="product__link product__image"
                            aria-label="Pauls Banana Pouch | 70g" href="/product/pauls-banana-pouch-70g-5295455"><span
                              style="box-sizing:border-box;display:inline-block;overflow:hidden;width:initial;height:initial;background:none;opacity:1;border:0;margin:0;padding:0;position:relative;max-width:100%"><span
                                style="box-sizing:border-box;display:block;width:initial;height:initial;background:none;opacity:1;border:0;margin:0;padding:0;max-width:100%"><img
                                  style="display:block;max-width:100%;width:initial;height:initial;background:none;opacity:1;border:0;margin:0;padding:0"
                                  alt="" aria-hidden="true"
                                  src="data:image/svg+xml,%3csvg%20xmlns=%27http://www.w3.org/2000/svg%27%20version=%271.1%27%20width=%27200%27%20height=%27200%27/%3e"></span><img
                                alt="Pauls Banana Pouch | 70g" data-testid="product-image"
                                src="data:image/gif;base64,R0lGODlhAQABAIAAAAAAAP///yH5BAEAAAAALAAAAAABAAEAAAIBRAA7"
                                decoding="async" data-nimg="intrinsic"
                                style="position:absolute;top:0;left:0;bottom:0;right:0;box-sizing:border-box;padding:0;border:none;margin:auto;display:block;width:0;height:0;min-width:100%;max-width:100%;min-height:100%;max-height:100%"><noscript><img
                                  alt="Pauls Banana Pouch | 70g" data-testid="product-image"
                                  srcSet="https://productimages.coles.com.au/productimages/5/5295455.jpg?w=200 1x, https://productimages.coles.com.au/productimages/5/5295455.jpg?w=200 2x"
                                  src="https://productimages.coles.com.au/productimages/5/5295455.jpg?w=200"
                                  decoding="async" data-nimg="intrinsic"
                                  style="position:absolute;top:0;left:0;bottom:0;right:0;box-sizing:border-box;padding:0;border:none;margin:auto;display:block;width:0;height:0;min-width:100%;max-width:100%;min-height:100%;max-height:100%"
                                  loading="lazy" /></noscript></span></a></div>
                        <div class="product__message-title_area"><a class="product__link" tabindex="-1"
                            href="/product/pauls-banana-pouch-70g-5295455">
                            <h2 class="LinesEllipsis  product__title">Pauls Banana Pouch | 70g<wbr></h2>
                          </a>
                          <div aria-hidden="true" class="product__pricing_area show-on-small-screen"
                            data-testid="small-screen-pricing">
                            <section class="sc-a74e72d4-0 hdFZxN product__pricing product__pricing"
                              data-testid="product_price">
                              <div class="price"><span class="price__value" data-testid="product-pricing"
                                  aria-label="Price $1.90">$1.90</span></div>
                              <div class="price__calculation_method">$2.71 per 100g</div>
                            </section>
                            <div class="product__rating_area" data-testid="product-rating">
                              <div data-bv-show="inline_rating" data-bv-product-id="5295455"></div>
                            </div>
                            <div role="status"></div>
                          </div>
                        </div>
                      </header>
                    </div>
                    <div class="product__cta_section">
                      <div aria-hidden="false" class="product__pricing_area hide-on-small-screen"
                        data-testid="large-screen-pricing">
                        <section class="sc-a74e72d4-0 hdFZxN product__pricing product__pricing"
                          data-testid="product_price">
                          <div class="price"><span class="price__value" data-testid="product-pricing"
                              aria-label="Price $1.90">$1.90</span></div>
                          <div class="price__calculation_method">$2.71 per 100g</div>
                        </section>
                        <div class="product__rating_area" data-testid="product-rating">
                          <div data-bv-show="inline_rating" data-bv-product-id="5295455"></div>
                        </div>
                        <div role="status"></div>
                      </div>
                      <div data-testid="product-tile-cta-content">
                        <div class="product__lists_cta_wrapper">
                          <div data-testid="add-to-cart"
                            class="sc-bb8990ec-0 iPUtwI product__add_to_cart product__add_to_cart"><button
                              data-testid="add-to-cart-button" aria-label="Add Pauls Banana Pouch to the trolley"
                              class="sc-1a0c6950-0 bPjHUF product-tiles-btn coles-targeting-ButtonButton button"><span
                                aria-hidden="false"
                                class="sc-d01591ce-0 doDoww coles-targeting-ButtonButtonChildContainer"><svg
                                  focusable="false" xmlns="http://www.w3.org/2000/svg" width="24" height="24"
                                  viewBox="0 0 24 24">
                                  <g fill="none" fill-rule="evenodd">
                                    <path stroke="currentColor" stroke-linecap="round" stroke-linejoin="round"
                                      stroke-width="2" vector-effect="non-scaling-stroke"
                                      d="M8,22 C8.55228475,22 9,21.5522847 9,21 C9,20.4477153 8.55228475,20 8,20 C7.44771525,20 7,20.4477153 7,21 C7,21.5522847 7.44771525,22 8,22 Z M18,22 C18.5522847,22 19,21.5522847 19,21 C19,20.4477153 18.5522847,20 18,20 C17.4477153,20 17,20.4477153 17,21 C17,21.5522847 17.4477153,22 18,22 Z M2,3 L4.5,3 L6.68,14.39 C6.86873697,15.3402315 7.71138394,16.0185624 8.68,16 L17.4,16 C18.3686161,16.0185624 19.211263,15.3402315 19.4,14.39 L21,7 M13,12 L13,6 M10,9 L16,9">
                                    </path>
                                  </g>
                                </svg>Add</span></button></div>
                        </div>
                      </div>
                    </div>
                  </section>
                  <section data-testid="product-tile"
                    class="sc-cd26f304-1 eMqtFX coles-targeting-ProductTileProductTileWrapper">
                    <div class="sc-db96e1e2-0 gKiRyN coles-targeting-ProductTileHat coles-targeting-ProductTileHat"
                      data-testid="product-hat"></div>
                    <div class="sc-cd26f304-2 dipGkY coles-targeting-ProductTileHeaderWrapper">
                      <header class="product__header">
                        <div class="product__image_area"><a class="product__link product__image"
                            aria-label="Darrell Lea Lifesavers Banana Block | 160g"
                            href="/product/darrell-lea-lifesavers-banana-block-160g-6386670"><span
                              style="box-sizing:border-box;display:inline-block;overflow:hidden;width:initial;height:initial;background:none;opacity:1;border:0;margin:0;padding:0;position:relative;max-width:100%"><span
                                style="box-sizing:border-box;display:block;width:initial;height:initial;background:none;opacity:1;border:0;margin:0;padding:0;max-width:100%"><img
                                  style="display:block;max-width:100%;width:initial;height:initial;background:none;opacity:1;border:0;margin:0;padding:0"
                                  alt="" aria-hidden="true"
                                  src="data:image/svg+xml,%3csvg%20xmlns=%27http://www.w3.org/2000/svg%27%20version=%271.1%27%20width=%27200%27%20height=%27200%27/%3e"></span><img
                                alt="Darrell Lea Lifesavers Banana Block | 160g" data-testid="product-image"
                                src="data:image/gif;base64,R0lGODlhAQABAIAAAAAAAP///yH5BAEAAAAALAAAAAABAAEAAAIBRAA7"
                                decoding="async" data-nimg="intrinsic"
                                style="position:absolute;top:0;left:0;bottom:0;right:0;box-sizing:border-box;padding:0;border:none;margin:auto;display:block;width:0;height:0;min-width:100%;max-width:100%;min-height:100%;max-height:100%"><noscript><img
                                  alt="Darrell Lea Lifesavers Banana Block | 160g" data-testid="product-image"
                                  srcSet="https://productimages.coles.com.au/productimages/6/6386670.jpg?w=200 1x, https://productimages.coles.com.au/productimages/6/6386670.jpg?w=200 2x"
                                  src="https://productimages.coles.com.au/productimages/6/6386670.jpg?w=200"
                                  decoding="async" data-nimg="intrinsic"
                                  style="position:absolute;top:0;left:0;bottom:0;right:0;box-sizing:border-box;padding:0;border:none;margin:auto;display:block;width:0;height:0;min-width:100%;max-width:100%;min-height:100%;max-height:100%"
                                  loading="lazy" /></noscript></span></a></div>
                        <div class="product__message-title_area"><a class="product__link" tabindex="-1"
                            href="/product/darrell-lea-lifesavers-banana-block-160g-6386670">
                            <h2 class="LinesEllipsis  product__title">Darrell Lea Lifesavers Banana Block | 160g<wbr>
                            </h2>
                          </a><span data-testid="collectables"
                            class="sc-3d9feb9c-0 gKnQxv product__badge product__badge"
                            aria-label="Bonus character*"><svg xmlns="http://www.w3.org/2000/svg"
                              xmlns:xlink="http://www.w3.org/1999/xlink" viewBox="0 0 51 51">
                              <style>
                                .D {
                                  clip-path: url(#L)
                                }

                                .E {
                                  clip-path: url(#N)
                                }

                                .F {
                                  stroke: #00303b
                                }

                                .G {
                                  stroke-linejoin: round
                                }

                                .H {
                                  stroke-miterlimit: 2.29
                                }

                                .I {
                                  stroke-width: 1.81
                                }
                              </style>
                              <defs>
                                <path id="A"
                                  d="M.2 25.5C.2 39.6 11.6 51 25.6 51S51 39.6 51 25.6C51 11.5 39.6.2 25.6.2S.2 11.5.2 25.5">
                                </path>
                                <path id="B"
                                  d="M10.5 20.6h3.1c.9 0 1.6.2 2 .6.5.4.8.9.8 1.6 0 .6-.3 1.3-1 1.7 1.4.5 1.4 1.6 1.4 2 0 .7-.3 1.4-.8 1.8-.8.6-1.3.7-2.8.7h-2.8v-8.4zm2.2 3.2h.8c.1 0 .4 0 .6-.1s.3-.3.3-.6-.1-.5-.3-.6-.4-.1-.6-.1h-.8v1.4zm0 3.3h1c.1 0 .4 0 .6-.1s.4-.3.4-.7-.2-.5-.4-.6-.5-.1-.7-.1h-1v1.5z">
                                </path>
                                <path id="C"
                                  d="M41.2 24.5c0-.1 0-.5-.6-.5-.4 0-.5.3-.5.4 0 .3.5.5 1 .6 1.1.3 2.2.6 2.2 2s-1.2 2.2-2.6 2.2c-1 0-2.4-.4-2.6-2.1H40c.1.6.6.6.7.6.3 0 .7-.2.7-.5 0-.4-.5-.5-1.7-1-.8-.3-1.5-.8-1.5-1.7 0-1.3 1.1-2.1 2.4-2.1.8 0 2.3.3 2.4 2h-1.8z">
                                </path>
                                <path id="D"
                                  d="M11.1 35.4c-.2 1-1.1 1.8-2.3 1.8a2.26 2.26 0 0 1-2.3-2.3 2.26 2.26 0 0 1 2.3-2.3c1.1 0 2.1.8 2.3 1.8H9.8c-.1-.3-.4-.6-.9-.6-.3 0-.6.1-.7.3-.2.2-.3.5-.3.8 0 .6.4 1.1 1 1.1.5 0 .8-.3.9-.6h1.3z">
                                </path>
                                <path id="E"
                                  d="M11.5 31.3h1.3v1.8c.2-.4.7-.5 1.1-.5.7 0 1 .2 1.3.6.2.4.3.9.3 1.4V37h-1.3v-2.3c0-.2 0-.5-.1-.6-.1-.2-.3-.3-.6-.3-.4 0-.5.2-.6.3-.1.2-.1.4-.1.5V37h-1.3v-5.7z">
                                </path>
                                <path id="F" d="M21.5 32.7h1.2v.5c.1-.2.3-.6 1.1-.6v1.3c-.7 0-1 .2-1 .8V37h-1.3v-4.3z">
                                </path>
                                <path id="G"
                                  d="M28.5 37.1h-1.3v-.5c-.2.4-.7.6-1.2.6-1.4 0-2.2-1.1-2.2-2.3 0-1.4 1-2.3 2.2-2.3.7 0 1.1.3 1.3.6v-.5h1.3v4.4zm-3.4-2.2c0 .4.3 1.1 1.1 1.1.5 0 .7-.2.9-.5.1-.2.2-.4.2-.6s0-.4-.1-.6c-.1-.3-.4-.6-1-.6-.8.1-1.1.7-1.1 1.2z">
                                </path>
                                <path id="H"
                                  d="M33.6 35.4c-.2 1-1.1 1.8-2.3 1.8a2.26 2.26 0 0 1-2.3-2.3 2.26 2.26 0 0 1 2.3-2.3c1.1 0 2.1.8 2.3 1.8h-1.3c-.1-.3-.4-.6-.9-.6-.3 0-.6.1-.7.3-.2.2-.3.5-.3.8 0 .6.4 1.1 1 1.1.5 0 .8-.3.9-.6h1.3z">
                                </path>
                                <path id="I" d="M34.4 33.7h-.6v-1h.6v-1.4h1.3v1.4h.6v1h-.6V37h-1.3v-3.3z"></path>
                                <path id="J"
                                  d="M37.6 35.3c.1.5.5.8 1 .8.4 0 .6-.2.8-.4h1.3c-.2.5-.5.9-.9 1.1a1.92 1.92 0 0 1-1.2.4c-1.2 0-2.3-1-2.3-2.3 0-1.2.9-2.3 2.3-2.3.7 0 1.2.3 1.6.7.5.6.7 1.3.6 2.1h-3.2zm1.9-.9c0-.2-.3-.7-1-.7s-.9.5-1 .7h2z">
                                </path>
                                <path id="K"
                                  d="m45.6 31.8.5-.5.2.4-.6.3.7.2-.3.4-.5-.5.2.7h-.5l.1-.7-.5.5-.3-.4.7-.2-.7-.2.2-.4.5.5-.2-.7h.5v.6z">
                                </path>
                              </defs>
                              <clipPath id="L">
                                <use xlink:href="#A"></use>
                              </clipPath>
                              <g fill="#38aee4">
                                <path
                                  d="M-14.9 45 6.4 34.7l-15.3 6.6 13.7-6.1-19.7 8.1zm0-2.5 9.6-3.5-9.6 4.1zm0-.6v.5l3.8-1.6zm2.1 9.1 24-14.6L-10.6 51zm3.6 0h-1.2L.4 44.2zm-3.8 0h-1l8.4-4.7zm-1.9-5.9 13.4-6.4-13.4 6.7zm0-42.6L7.9 15.3-14.9 3.9zm0 1.6 11.8 6.3-11.8-5.6zM-14.9 6.1V4.8l16 8.3zm57 10.8L69 .6v1.2zM69 4.2 48.2 14.6 69 5.4zM48.2 17.1 69 9.4v-.6zM69 49.2 46.4 36.6 69 47.4zm0-2.7L48.5 36.1 69 45.2l-5.9-3 5.9 2.5zm0-3.9-10.6-4.4L69 42zM64.1 51 48 39.5 66.3 51zM67.4 51l-9-5.5 7.9 5.5zm-6.6 0L40.2 36.1 59.1 51zM51 46.7l4.9 4.3h.6zm-1.6 1.1 3.7 3.2h-1.2zM45.8 46l5.2 5h-1.1zm-7.6-5.7L47.4 51h-1zm-2.4-.6L43.9 51h-1.3zm0 4.6 4 6.7H39zm-5-.3.1 7h.7zM31.6 47.3l.6 3.7h-.6zm2.2 3.7-.3-3.2 1 3.2zM26 51l.5-6.3.2 4.5.3-8.8.2 10.6zm-2.5-8.9L22.2 51h.6zm-.9-2.6-2 11.5h-.8zm-3.5 6.6L17.8 51h-1.2zm-1.5-2.6L13 51h.7zm-1-5.5L7.8 51H6.4zm-8.4 1.5L-7.5 51h1.3zM4.3 43.1-6.2 51H-5zM2.8 51l2.5-3-2.8 3zM.6 51 2 49.6.9 51zm-15.5-3 10.7-6-10.7 5.2zm0-9.3L-3.5 35l-11.4 3.3z"
                                  class="D"></path>
                                <path
                                  d="m-14.9 38.1 4.2-1.2-4.2 1.4zm0-3.1 18.2-4.1-18.2 3.6zm0-1.7 7.7-1.5-7.7 1.1zm0-1.2 19.4-3.3-19.4 2.8zm0-7.4 11.1.4-9.3.1 3.7.1-5.5.1zm0-1 5.7.1-5.7-.5zm0 3.2h6.4l-6.4.3zm0-4.3 13.4 1-13.4-1.3zm0-1.3 20.5 2.3-20.5-2.7 11.7 1.3-11.7-1.9zm0-4.3 10 2-10-2.3zm0-2.5 16.6 4.3-16.6-4.9zm0-1L-4 16.7l-10.9-2.9zm0-3.9 12.6 5-12.6-5.7 9.8 4.1-9.8-5.1zm0-2.1 17.6 7.6-17.6-8.4zM69 14.6l-7.4 2 7.4-1.7zm0 .6-5.6 1.4 5.6-1.1zm0 1.7-13.2 2.5L69 17.3zm0 2.4-21.1 3.2 18-2.5L55 21.7l14-1.6zm0 3.2-4.3.1 4.3-.3zm0 4.9-8.2-.4 8.2.1zm0 .9-4.8-.3 4.8.1zm0 1.2-14.9-1.2L69 30.1zm0 3.6L51.9 30l15.8 2.5L46.8 29 69 32.1zm0 1.8-22.1-5.1L69 34.3zm0 4.5-5.6-1.9L69 39zm-13.7 1.1L69 46.8v1.1zm7.3 5.3 6.4 3.3v.8zM42.8 13 60.8.1h4.6L51.7 7.9l4.7-3.1L50 8.6l10.8-7.3zM69 6.1 54.8 12 69 5.1z"
                                  class="D"></path>
                                <path
                                  d="M65.4.1 40.5 15.3 63.2.1zM62.4.1l-14 9.4L63.2.1zm-2.2 0-9.3 6.2L58.8.1zm-3.7 0L38.3 15.3 58.4.1zM8.4 13-9.5.1h-4.6L-.4 7.9l-4.7-3.1 6.3 3.8-10.7-7.3zM-6.8.1 7.9 10.7-4.9.1zm12 0 6.4 7.4L6.2.1zM3.6.1l3.3 3.5L4 .1zm47.9 0-3.1 3.1L51.1.1zm-1.1 0L45.8 5 50 .1zm-3.1 0-8 9.4L46.5.1zM45.8.1l-4.5 6.2L46.5.1zm-1.9 0L41 4 43.3.1zm-4.4 0-7.3 12 6.5-12zm-5.1 0-1.5 4 1-4zm-1.1 0-.8 2.3.3-2.3zm-6.6 0-.1 11.2L25.8.1zm-4.6 0 .6 5.7L21.5.1zm-2 0 1.5 6-2.1-6zm-2 0 3 9.5L17.4.1zm-2.5 0 4.6 11.8L15 .1zM14.4.1l1.4 2.5L15 .1zm-1.2 0 3.9 7.4L12.8.1zm-.8 0 .6 1.3-.9-1.3zm-.8 0H11l1.5 2zM69 25.4H50.5l18.5-.3zM-11 29c-.1-.2 8.3-.9 8.3-.9l-8.3.9m.3 18.9c-.4-.2 9-5.3 9-5.3s-8.6 5.5-9 5.3m4.4-10c-.3-.3 10.7-4.1 10.7-4.1S-6 38.1-6.3 37.9m5.7-4.5c-.2-.2 8.1-2.3 8.1-2.3l-8.1 2.3m-.7 6.4c-.3-.2 6.9-3.4 6.9-3.4l-6.9 3.4m8.9 4.9c-.3-.1 4.6-4.6 4.6-4.6S8 44.8 7.6 44.7m5 3.5c-.4 0 3.4-5.6 3.4-5.6s-3 5.7-3.4 5.6M25.2 45c-.4 0 .2-5.4.2-5.4s.2 5.4-.2 5.4m4 2.3c-.4 0-.2-5.4-.2-5.4s.6 5.4.2 5.4M43.1 43c-.4.1-4.1-4.8-4.1-4.8l4.1 4.8m9.3-6.3c-.2.2-7.3-3.1-7.3-3.1l7.3 3.1m6-7c-.1.2-8.7-1.1-8.7-1.1l8.7 1.1m7.2-8.2c.1.2-8.8.9-8.8.9l8.8-.9M52.3 18c.2.2-7.9 2.5-7.9 2.5l7.9-2.5m-.2-3.9c.2.2-7.2 3.2-7.2 3.2l7.2-3.2M37.6 6.5c.4.1-3.5 5-3.5 5s3.1-5.1 3.5-5M35.7 2c.4.1-2.4 5.2-2.4 5.2s2-5.2 2.4-5.2M13.9 8.6c.4-.1 3.8 4.9 3.8 4.9l-3.8-4.9M3.3 14.4c.2-.2 7.3 3.1 7.3 3.1l-7.3-3.1m-13 5.2c.1-.2 8.6 1.5 8.6 1.5l-8.6-1.5M-3.2 18.5c.2-.2 8.3 2 8.3 2l-8.3-2M-6.6 26c0-.2 8.9-.1 8.9-.1l-8.9.1M.9 48.6c-.5-.2 6.7-6.4 6.7-6.4S1.4 48.8.9 48.6m15.6-.2c-.5-.1 3.8-7.3 3.8-7.3s-3.3 7.4-3.8 7.3m18.9-.1c-.5.1-2.3-6.2-2.3-6.2s2.7 6.1 2.3 6.2m12.6-3c-.5.2-6.7-6.5-6.7-6.5s7.2 6.3 6.7 6.5m14.8-9.5c-.2.3-11.4-3.3-11.4-3.3s11.7 3 11.4 3.3M57.5 27.4c0 .3-9.2-.4-9.2-.4l9.2.4m4-3.8c0 .3-10.1.4-10.1.4s10.1-.6 10.1-.4m1.4-9.7c.3.3-11.1 3.6-11.1 3.6s10.9-3.9 11.1-3.6m-16.1-8c.5.2-7.1 6.3-7.1 6.3s6.6-6.5 7.1-6.3m-16.5-.6c.6 0-1.1 7.6-1.1 7.6s.6-7.7 1.1-7.6M24.1 4c.5 0 .6 6.1.6 6.1s-1-6.1-.6-6.1M1.9 1.7c.4-.1 5 5.1 5 5.1l-5-5.1M9 7c.3-.1 4 4.1 4 4.1L9 7m-18.2 6.6c.2-.2 9.1 3.3 9.1 3.3l-9.1-3.3"
                                  class="D"></path>
                              </g>
                              <g fill="none" class="F G H I">
                                <use xlink:href="#B"></use>
                                <path
                                  d="M17.2 25.8c0-1.5 1.1-3.3 3.4-3.3s3.4 1.8 3.4 3.4c0 1.5-1.1 3.4-3.4 3.4s-3.4-1.9-3.4-3.5zm1.9 0c0 .9.7 1.6 1.5 1.6s1.5-.7 1.5-1.6-.7-1.6-1.5-1.6-1.5.7-1.5 1.6zm5.7-3.1h1.8v.7c.2-.3.6-.9 1.7-.9 2.1 0 2.3 1.7 2.3 2.6V29h-1.9v-3.4c0-.7-.1-1.3-1-1.3s-1.1.7-1.1 1.3V29h-1.9v-6.3zM37.5 29h-1.8v-.7c-.2.3-.6.9-1.8.9-2.1 0-2.4-1.7-2.4-2.6v-3.9h1.9v3.4c0 .7.1 1.3 1 1.3s1.1-.7 1.1-1.3v-3.4h1.9V29z">
                                </path>
                                <use xlink:href="#C"></use>
                              </g>
                              <g fill="#fff">
                                <use xlink:href="#B"></use>
                                <path
                                  d="M17.2 25.8c0-1.5 1.1-3.3 3.4-3.3s3.4 1.8 3.4 3.4c0 1.5-1.1 3.4-3.4 3.4-2.3-.1-3.4-1.9-3.4-3.5zm1.9.1c0 .9.7 1.6 1.5 1.6s1.5-.7 1.5-1.6-.7-1.6-1.5-1.6c-.8-.1-1.5.6-1.5 1.6zm5.7-3.2h1.8v.7c.2-.3.6-.9 1.7-.9 2.1 0 2.3 1.7 2.3 2.6v4h-1.9v-3.4c0-.7-.1-1.3-1-1.3s-1.1.7-1.1 1.3V29h-1.9v-6.3zM37.5 29h-1.8v-.7c-.2.3-.6.9-1.8.9-2.1 0-2.4-1.7-2.4-2.6v-4h1.9V26c0 .7.1 1.3 1 1.3s1.1-.7 1.1-1.3v-3.4h1.9V29z">
                                </path>
                                <use xlink:href="#C"></use>
                              </g>
                              <g fill="none" class="F G H I">
                                <use xlink:href="#D"></use>
                                <use xlink:href="#E"></use>
                                <path
                                  d="M20.8 37.1h-1.3v-.5c-.2.4-.8.6-1.3.6-1.4 0-2.2-1.1-2.2-2.3 0-1.4 1-2.3 2.2-2.3.7 0 1.1.3 1.3.6v-.5h1.3v4.4zm-3.5-2.2c0 .4.3 1.1 1.1 1.1.5 0 .7-.2.9-.5.1-.2.2-.4.2-.6s0-.4-.1-.6c-.1-.3-.4-.6-1-.6-.8.1-1.1.7-1.1 1.2z">
                                </path>
                                <use xlink:href="#F"></use>
                                <use xlink:href="#G"></use>
                                <use xlink:href="#H"></use>
                                <use xlink:href="#I"></use>
                                <use xlink:href="#J"></use>
                                <use xlink:href="#F" x="19.8"></use>
                              </g>
                              <g fill="#fff">
                                <use xlink:href="#D"></use>
                                <use xlink:href="#E"></use>
                                <path
                                  d="M20.7 37.1h-1.3v-.5c-.2.4-.8.6-1.3.6-1.4 0-2.2-1.1-2.2-2.3 0-1.4 1-2.3 2.2-2.3.7 0 1.1.3 1.3.6v-.5h1.3v4.4zm-3.4-2.2c0 .4.3 1.1 1.1 1.1.5 0 .7-.2.9-.5.1-.2.2-.4.2-.6s0-.4-.1-.6c-.1-.3-.4-.6-1-.6-.8.1-1.1.7-1.1 1.2z">
                                </path>
                                <use xlink:href="#F"></use>
                                <use xlink:href="#G"></use>
                                <use xlink:href="#H"></use>
                                <use xlink:href="#I"></use>
                                <use xlink:href="#J"></use>
                                <use xlink:href="#F" x="19.8"></use>
                              </g>
                              <use xlink:href="#K" fill="none" stroke-width="0.905" class="F G H"></use>
                              <g fill="#fff">
                                <use xlink:href="#K"></use>
                                <path d="M22.3 7.9h7.2v1.4h-7.2z"></path>
                              </g>
                              <defs>
                                <path id="M" d="M13.4 5h24.4v13.5H13.4z"></path>
                              </defs>
                              <clipPath id="N">
                                <use xlink:href="#M"></use>
                              </clipPath>
                              <path fill="#fff"
                                d="M30.5 7.1c0-.1.1-.2.1-.3 0-.4-.2-.7-.4-.9s-.6-.3-1-.3-.7.1-.9.3a1.69 1.69 0 0 0-1-.3c-.2 0-.4 0-.6.1v-.1c0-.2-.1-.3-.2-.4-.1-.2-.3-.2-.4-.2h-.5c-.3 0-.6.2-.6.6v.2c-.2-.1-.4-.1-.6-.1-.4 0-.8.2-1.1.4-.3-.3-.7-.4-1.1-.4a1.58 1.58 0 0 0-1.6 1.6 1.58 1.58 0 0 0 1.6 1.6c.4 0 .8-.2 1.1-.4.3.3.7.4 1.1.4.3 0 .6-.1.8-.2.1.1.2.2.4.2h.5c.1 0 .3-.1.4-.1.2.1.5.2.8.2.4 0 .7-.1.9-.3.2.2.6.3 1 .3a1.69 1.69 0 0 0 1-.3c.3-.2.4-.6.4-.9 0-.4-.1-.6-.1-.7"
                                class="E"></path>
                              <g fill="#e1251b">
                                <path
                                  d="M23.3 7c-.1-.5-.5-.8-1-.8a1.11 1.11 0 0 0-1.1 1.1 1.11 1.11 0 0 0 1.1 1.1c.5 0 .9-.3 1-.8h-.4c-.1.2-.3.4-.6.4-.4 0-.6-.3-.6-.6 0-.4.3-.6.6-.6s.5.2.6.4h.4z"
                                  class="E"></path>
                                <path
                                  d="M25.1 7.3c0 .4-.3.6-.6.6a.65.65 0 0 1-.6-.6c0-.4.3-.6.6-.6s.6.2.6.6m.4 0a1.11 1.11 0 0 0-1.1-1.1 1.11 1.11 0 0 0-1.1 1.1 1.11 1.11 0 0 0 1.1 1.1c.6-.1 1.1-.6 1.1-1.1m.1-1.7h.5v2.7h-.5zm1.6 1c.2 0 .5.1.5.4h-1.1c.2-.3.4-.4.6-.4m1 .7v-.1c0-.8-.6-1-1-1s-1 .3-1 1c0 .6.5 1.1 1 1.1.4 0 .8-.3 1-.7h-.5a.55.55 0 0 1-.5.3c-.3 0-.5-.2-.6-.6h1.6zm.9 1c-.5 0-.8-.3-.8-.7h.4c0 .2.2.4.5.4.2 0 .4-.1.4-.3 0-.1-.1-.2-.3-.2l-.3-.1c-.2-.1-.4-.1-.5-.2s-.2-.2-.2-.4.1-.3.2-.4.3-.2.6-.2c.2 0 .4.1.6.2.1.1.2.3.2.5h-.4c0-.2-.2-.3-.4-.3s-.3.1-.3.2.1.2.3.2l.3.1c.4.1.6.2.6.5 0 .2-.1.4-.2.5-.2.1-.4.2-.7.2"
                                  class="E"></path>
                              </g>
                              <path fill="#012f3a"
                                d="M31.5 8.7c.7 0 1.1.3 1.3 1a.55.55 0 0 0 .5.3H35c.2 0 .4.1.4.3l.6 1.4c.1.1 0 .3 0 .5-.1.2-.1.5.1.6.2.2.5.4.7.7s.4.7.6 1.1.3.8.3 1.2c.1.5 0 .9-.2 1.1l-.2.2c-.1 0-.1.1-.2.1L35 18c-.1.1-.3.2-.5.2-.1 0-.2 0-.4-.1-.6-.2-1.1-.4-1.7-.5-.1 0-.2-.1-.3-.3l-.1-.2c0-.1-.2-.2-.3-.3-.3-.1-.5-.1-.8-.2 0 0-.1 0-.1-.1-.1 0-.1-.1-.2-.1H30.3c-.3 0-.5-.1-.8-.1H29.2c-.6-.1-1.3-.2-1.9-.2-.1 0-.2-.1-.3-.1-.1-.1-.2-.1-.3-.1h-.2c-.2.1-.5.2-.9.2h-.8c-.5 0-1.1 0-1.6.1H22.9c-.3 0-.5.1-.8.1h-.5c-.1 0-.2 0-.2.1-.2.2-.5.3-.8.3h-.4c-.2 0-.4 0-.6-.1-.1 0-.1-.1-.2-.1s-.2.1-.3.2c-.1.2-.3.3-.4.5-.3.3-.6.5-.9.5l-1.9.6h-.2l-1.8-.9h-.1l-.1-.1c-.1-.1-.2-.3-.1-.5l2.7-6.4c.1-.2.3-.3.4-.3h1.6c.3 0 .4-.2.5-.5 0-.1 0-.1.1-.2.1-.4.5-.7 1.1-.7h11.5z"
                                class="E"></path>
                              <g fill="#fff">
                                <path
                                  d="M15.9 18.5h-.1l-1.8-.9h-.1s-.1 0-.1-.1a.47.47 0 0 1-.1-.6l2.7-6.4c.1-.2.3-.4.5-.4h1.6c.2 0 .3-.1.4-.4v-.2c.1-.6.5-.9 1.1-.9h11.4c.7 0 1.2.3 1.4 1.1.1.2.2.3.4.3H34.8c.2 0 .4.1.5.4l.6 1.4c.1.2.1.4-.1.5-.1.2-.1.4.1.5.2.2.5.4.7.7s.5.7.6 1.1a3.08 3.08 0 0 1 .3 1.3c.1.5 0 .9-.3 1.2l-.2.2c-.1 0-.2.1-.2.1l-1.9.8c-.1.1-.3.2-.5.2-.1 0-.3 0-.4-.1-.6-.2-1.1-.4-1.7-.5-.2 0-.3-.2-.3-.3v-.3c0-.1-.1-.2-.2-.2-.3-.1-.5-.1-.8-.2-.1 0-.1 0-.2-.1-.1 0-.1-.1-.2 0h-.2c-.3 0-.5-.1-.8-.1H29.3c-.6-.1-1.3-.2-1.9-.2-.1 0-.3-.1-.3-.2-.1-.2-.3-.2-.4-.2a2.39 2.39 0 0 1-.9.2h-.9c-.5 0-1.1 0-1.6.1H23c-.3 0-.5.1-.8.1-.1 0-.2 0-.3-.1s-.2 0-.3 0c-.2.2-.5.3-.8.3h-.4c-.2 0-.4-.1-.6-.2-.1-.1-.3-.1-.4.1s-.3.3-.4.5c-.3.3-.6.5-.9.6l-1.9.6-.3.3m-.1-.2h.2l1.9-.6c.3-.1.6-.3.8-.5s.3-.3.4-.5c.1-.1.2-.2.4-.2.1 0 .2 0 .3.1.1.1.3.1.5.1h.4l.8-.3c.1-.1.3-.1.5 0h.2c.3 0 .5-.1.8-.1h.4c.5 0 1.1-.1 1.6-.1h.9c.3 0 .6-.1.8-.2.1 0 .1-.1.2-.1a.76.76 0 0 1 .4.2c.1.1.1.1.2.1.6 0 1.3.1 2 .2h.3c.3 0 .5.1.8.1h.1c.1 0 .2 0 .3.1h.1c.3.1.5.1.8.2.2 0 .3.2.4.3l.1.2c0 .1.1.2.2.2l1.7.5c.1 0 .3.1.4.1.2 0 .3-.1.4-.2h.1l1.9-.8c.1 0 .1 0 .2-.1.1 0 .1-.1.2-.2.2-.2.3-.6.2-1.1 0-.4-.2-.8-.3-1.2l-.6-1.1c-.2-.3-.4-.5-.7-.7-.2-.2-.3-.5-.1-.8.1-.1.1-.3 0-.4l-.6-1.4c-.1-.2-.2-.2-.4-.2h-1.6c-.3 0-.5-.1-.6-.4-.2-.6-.6-.9-1.2-.9H20.1c-.5 0-.9.2-1 .6 0 0 0 .1-.1.2-.1.4-.3.5-.6.5h-1.6c-.2 0-.3.1-.4.2l-2.7 6.4c-.1.1 0 .3.1.4l.1.1c.3.5 1.9 1.3 1.9 1.3m18.5-2.2c-.1.1-.3.2-.4.3s-.3.2-.4.3-.3.2-.4.3-.3.2-.5.2c.1-.1.3-.2.4-.3s.3-.2.4-.3.3-.2.4-.3c.2-.1.3-.1.5-.2"
                                  class="E"></path>
                                <path
                                  d="M33.7 15.2c-.1.1-.3.2-.4.4-.1.1-.3.2-.4.3s-.3.2-.4.3-.3.2-.4.3l.4-.4c.1-.1.3-.2.4-.3s.3-.2.4-.3a1.38 1.38 0 0 1 .4-.3m-2.9-.5a.76.76 0 0 0-.2.4c-.1.1-.2.2-.3.4l-.3.3-.3.3a.76.76 0 0 0 .2-.4c.1-.1.2-.2.3-.4l.6-.6m-5.7-.5v.8c0 .1 0 .3-.1.4 0 .1-.1.2-.1.4V15c0-.1 0-.3.1-.4s.1-.2.1-.4m-2.1.2c.1.1.1.2.1.3s.1.2.1.4c0 .1 0 .2.1.4v.4c-.1-.1-.1-.2-.1-.3s-.1-.2-.1-.4c0-.1 0-.2-.1-.4v-.4m-1.4.2c.1.1.1.2.2.3s.1.2.2.4c0 .1.1.2.1.4 0 .1.1.2.1.4-.1-.1-.1-.2-.2-.3s-.1-.2-.2-.4c0-.1-.1-.2-.1-.4-.1-.2-.1-.3-.1-.4m-2.7.2.3.3c.1.1.2.2.3.4.1.1.2.3.3.4a.76.76 0 0 1 .2.4l-.3-.3a1.38 1.38 0 0 1-.3-.4c-.1-.1-.2-.3-.3-.4a.76.76 0 0 0-.2-.4M14.1 17c.2.1.3.2.5.2.2.1.3.1.5.2a.76.76 0 0 0 .4.2c.1.1.3.2.4.3-.2-.1-.3-.1-.5-.2s-.3-.1-.5-.2a.76.76 0 0 0-.4-.2c-.1-.1-.3-.2-.4-.3"
                                  class="E"></path>
                                <path
                                  d="M28.1 14.3c0 .1-.1.3-.1.4s-.1.2-.2.4c-.1.1-.1.2-.2.3s-.1.2-.2.3c0-.1.1-.3.1-.4s.1-.2.2-.4c.1-.1.1-.2.2-.3.1 0 .1-.2.2-.3m-13.9 2.8-.1-.1 2.7-6.3h1.6c.2 0 .3 0 .4.1s.2.2.2.4 0 .4-.1.6l-.3.6-.3.3-.1.1v.1c.1.1.1.2.2.3 0 .2 0 .4-.1.7s-.2.6-.4 1c-.2.3-.4.7-.7.9-.3.3-.6.5-.8.5-.7.3-1.4.5-2.2.8M16 15h.2c.2-.1.4-.1.7-.2.1 0 .2-.1.3-.2s.2-.2.2-.4v-.3c0-.1 0-.1-.1-.2h-.2c-.2 0-.4.1-.6.1h-.1L16 15zm1-2.5h.1c.2 0 .3 0 .5-.1.1 0 .1 0 .2-.1l.1-.1c0-.1.1-.1.1-.2v-.2c0-.1-.1-.1-.2-.1h-.5l-.3.8zM19.5 15.1c-.2 0-.3 0-.4-.1-.2-.1-.3-.3-.3-.6s.1-.6.2-1l.6-2.2c.3 0 .5-.1.8-.1 0 0 .1.1 0 .1l-.6 2.3v.4c0 .1.1.1.2.1h.1c.1 0 .2-.1.3-.2s.1-.2.2-.4l.5-2.2c.3 0 .5-.1.8-.1v.1l-.4 2c-.1.5-.3.9-.5 1.2-.3.4-.7.6-1.1.7h-.4m2.1-.4v-.1l.6-3.4c.3 0 .5-.1.8-.1v.1l-.5 3.4c-.2 0-.5 0-.9.1m1.4-.2.4-3.4V11c.3 0 .5.1.8.1V11v.1l-.2 2.3h.9v.9c-.6.1-1.3.2-1.9.2m2.1-.1.1-3.3V11c.2 0 .4.1.6.1h.4c.2 0 .5.1.7.2s.4.3.5.5.2.5.2.7c0 .4 0 .7-.1 1s-.3.5-.5.7-.6.2-.9.2h-1zm1-1c.2 0 .3-.1.4-.1.1-.1.2-.2.2-.3s.1-.3.1-.4 0-.2-.1-.3-.1-.2-.2-.2c-.1-.1-.2-.1-.3-.1h-.1v1.4z"
                                  class="E"></path>
                                <path
                                  d="m30.4 14.7-2.4-.3-.3-3.3.1-.1c.7 0 1.3.1 2 .1l.2.7-.1.1c-.4 0-.8 0-1.2-.1v.2h.9l.2.8-.1.1c-.3 0-.6 0-.9-.1l.1.4c.4 0 .9.1 1.3.1l.3.9c0 .4 0 .4-.1.5.1-.1 0 0 0 0m3.1.6c-.4-.1-.8-.2-1.1-.2-.3-.4-.5-.9-.8-1.3h-.1l.4 1.1-.1.1c-.3-.1-.7-.1-1-.2l-.8-3.6.1-.1c.4 0 .8.1 1.3.1.2 0 .4.1.6.2s.3.3.5.5l.3.6c.1.2.1.4.1.6s-.1.4-.2.5c.3.5.8 1 1.1 1.5-.1.1-.2.2-.3.2m-2.2-2.6h.4l.1-.1v-.2c0-.1 0-.1-.1-.2 0-.1-.1-.1-.1-.1l-.1-.1h-.3l.1.7z"
                                  class="E"></path>
                                <path
                                  d="M36.5 16.9c-.1 0-.2 0-.3-.1l-2.1-.6-.5-1.7.1-.1c.5.1.9.3 1.3.4h.2v-.2c0-.1-.1-.2-.2-.3s-.3-.2-.5-.4c0 0-.1 0-.1-.1 0 0-.1 0-.1-.1-.3-.2-.5-.3-.7-.5s-.4-.3-.5-.6c-.2-.2-.3-.4-.4-.7s-.1-.5-.1-.7.1-.4.2-.6c.1-.1.3-.2.5-.2h1.4l.7 1.3-.1.1c-.4 0-.8-.1-1.2-.1H34v.1c0 .1.1.1.1.2l.2.2c.1.1.2.1.4.2h.1c.3.2.5.3.7.5s.4.4.6.7.4.6.5 1c.2.4.3.8.3 1.1 0 .4 0 .6-.1.8 0 .3-.1.4-.3.4"
                                  class="E"></path>
                              </g>
                              <g fill="#389bd6">
                                <path
                                  d="M19.6 10.8c-.3 0-.5-.1-.6-.2l.2-.2a.76.76 0 0 0 .4.2c.2 0 .3-.1.3-.2s0-.1-.3-.2a.76.76 0 0 1-.4-.2v-.3c.1-.3.3-.4.7-.4.2 0 .4.1.5.1l-.1.2c-.1-.1-.3-.1-.4-.1-.2 0-.3 0-.3.1v.1s.1.1.3.1c.2.1.5.1.4.5 0 .3-.3.5-.7.5m1.4 0c-.2 0-.4-.1-.5-.2s-.1-.2-.1-.3l.3-1h.3l-.2 1v.2c0 .1.1.1.3.1.3 0 .4-.1.4-.3l.2-1h.2l-.2 1c0 .2-.2.5-.7.5M22 10.7c-.1 0-.1 0 0 0-.1 0-.1 0 0 0l.2-1.5h.7c.1 0 .2 0 .3.1s.1.2.1.3v.1c0 .3-.3.4-.5.4h-.5l-.1.5H22zm.8-.7c.1 0 .2-.1.2-.2v-.2h-.5l-.1.4h.4zm.6.7c-.1 0-.1 0 0 0l.1-1.5h1v.2h-.7v.3h.7v.2h-.7v.4h.8v.2h-1.2zm2.2 0v-.4c0-.1-.1-.1-.2-.1H25v.6h-.3l.1-1.4h.7c.1 0 .3 0 .3.1.1.1.1.2.1.3v.1c0 .1-.1.2-.2.3l.1.1v.5h-.2zm-.2-.8c.1 0 .2-.1.2-.2v-.2H25v.4h.4zm2.4.8s-.1 0 0 0l-.1-.7H27v.6h-.3l-.1-1.4h.4v.6h.6v-.6h.2l.1 1.4h-.1zm.5 0-.2-1.5h1v.2h-.7v.3h.7v.2h-.7v.4h.8v.2h-.9zm2.3 0c-.1-.1-.1-.2-.1-.2 0-.1-.1-.2-.1-.2 0-.1-.1-.1-.2-.1h-.4l.1.6h-.3l-.2-1.4h.7c.3 0 .4.1.5.4v.1c0 .1 0 .2-.1.3.1 0 .1.1.2.1 0 .1.1.1.1.2s.1.2.1.3h-.3zm-.4-.8h.1v-.2c0-.1-.1-.2-.2-.2h-.4l.1.4h.4zm1.6.9c-.4 0-.7-.1-.9-.8-.1-.3-.1-.5 0-.6s.2-.2.5-.2c.4 0 .7.1.9.7.1.3.1.5 0 .6a.55.55 0 0 1-.5.3m-.4-1.3c-.1 0-.2 0-.3.1s-.1.2 0 .4c.1.4.3.5.5.5s.2 0 .3-.1 0-.2 0-.4c0-.5-.2-.5-.5-.5"
                                  class="E"></path>
                              </g>
                              <path fill="#60c0ed"
                                d="M16.7 10.6h1.6c.2 0 .3 0 .4.1s.2.2.2.4 0 .4-.1.6l-.3.6-.3.3-.1.1.1.1c.1.1.1.2.2.3 0 .2 0 .4-.1.7s-.2.6-.4 1c-.2.3-.4.7-.7.9-.3.3-.6.5-.8.5-.8.2-1.5.5-2.3.8l2.6-6.4zm.4 3c-.3 0-.5.1-.7.1h-.1l-.4 1.3.2-.1c.2-.1.4-.1.7-.2.1 0 .2-.1.3-.3.1-.1.2-.2.2-.4v-.3c0-.1 0-.2-.1-.2 0 .1 0 .1-.1.1m.6-2h-.6l-.3.8h.2c.2 0 .3 0 .5-.1.1 0 .1 0 .2-.1.1 0 .1-.1.1-.2s.1-.1.1-.2v-.2c0 .1-.1 0-.2 0m2.8 1.7c0 .2-.1.3-.2.4s-.2.2-.3.2-.2 0-.2-.1v-.4l.6-2.3h-.8l-.7 2.2c-.1.4-.2.7-.2 1s.1.4.2.6c.2.1.4.1.8.1.5-.1.9-.3 1.1-.7.3-.3.5-.7.5-1.2.1-.7.3-1.4.4-2h-.8c0 .7-.2 1.4-.4 2.2m1.1 1.3c.3 0 .7-.1 1-.1l.5-3.4h-.8c-.3 1-.5 2.2-.7 3.5m2.6-3.6h-.8l-.4 3.4c.7-.1 1.3-.1 2-.1v-.9h-.9l.1-2.4m2.7.2c-.2-.1-.4-.2-.7-.2h-1l-.1 3.3h1c.4 0 .7-.1 1-.2.2-.2.4-.4.5-.7s.1-.6.1-1c0-.3-.1-.5-.2-.7-.2-.2-.4-.4-.6-.5m-.2 1.7c0 .1-.1.2-.2.3s-.2.1-.4.1H26v-1.6h.1c.1 0 .2 0 .3.1s.2.1.2.2c.1.1.1.2.1.3.1.3.1.5 0 .6m1.4 1.5c.8.1 1.6.1 2.4.3-.1-.4-.1-.7-.2-1-.5 0-.9-.1-1.4-.1 0-.2 0-.3-.1-.5.3 0 .7 0 1 .1-.1-.3-.1-.6-.2-.9h-.9V12c.4 0 .8 0 1.3.1-.1-.3-.1-.6-.2-.8h-2l.3 3.1m4.8-1.3c0-.2 0-.4-.1-.6l-.3-.6c-.1-.2-.3-.4-.5-.5s-.4-.2-.5-.2h-1.4l.7 3.6c.3.1.7.1 1 .2l-.3-1.2h.2a9.13 9.13 0 0 0 .8 1.3c.4.1.8.2 1.2.2l-1-1.6c.1-.3.1-.4.2-.6m-1.7-1.2h.4c.1 0 .1 0 .2.1.1 0 .1.1.1.1 0 .1.1.1.1.2v.2c0 .1 0 .1-.1.1h-.5c-.1-.2-.2-.4-.2-.7m5.1 1.9c-.2-.3-.4-.5-.6-.7s-.5-.3-.7-.5c-.2-.1-.3-.2-.4-.2-.1-.1-.2-.1-.2-.2-.1-.1-.1-.1-.1-.2v-.2h.2c.4 0 .8.1 1.2.1l-.6-1.4h-1.4c-.2 0-.3.1-.4.2s-.2.3-.2.5 0 .5.1.7c.1.3.2.5.4.7s.3.4.5.5c.2.2.4.3.7.5 0 0 .1 0 .1.1 0 0 .1 0 .1.1.2.2.4.3.5.4s.2.2.2.3v.2s-.1.1-.2 0l-1.5-.3c.2.6.4 1.1.5 1.7l2.1.6c.3.1.5.1.7-.1.1-.2.2-.4.1-.8 0-.3-.1-.7-.3-1.1-.4-.3-.6-.6-.8-.9"
                                class="E"></path>
                              <defs>
                                <path id="O"
                                  d="M19.3 9.5c-.1.3.1.4.4.4.2.1.4.1.3.2 0 .2-.2.2-.4.2s-.4-.1-.5-.2l-.1.3c.1.1.3.2.6.2.4 0 .6-.2.7-.5s-.2-.4-.4-.4c-.2-.1-.3-.1-.3-.2s.2-.2.3-.2.3 0 .4.1l.1-.2c-.1-.1-.3-.1-.5-.1s-.5.2-.6.4">
                                </path>
                              </defs>
                              <clipPath id="P">
                                <use xlink:href="#O"></use>
                              </clipPath>
                              <linearGradient id="Q" x1="0.227" x2="1.234" y1="46.77" y2="46.77"
                                gradientTransform="matrix(-.0761 1.1872 1.1872 .0761 -35.777 5.703)"
                                gradientUnits="userSpaceOnUse">
                                <stop offset="0" stop-color="#fff"></stop>
                                <stop offset="1" stop-color="#60c0ed"></stop>
                              </linearGradient>
                              <path fill="url(#Q)" d="m20.5 9.2-.1 1.5-1.5-.1.1-1.5z" clip-path="url(#P)"></path>
                              <defs>
                                <path id="R"
                                  d="m21.7 9.2-.2 1c0 .2-.1.3-.4.3s-.3-.1-.3-.3l.2-1h-.2l-.3 1c-.1.2.1.4.5.4s.7-.2.7-.4l.2-1h-.2z">
                                </path>
                              </defs>
                              <clipPath id="S">
                                <use xlink:href="#R"></use>
                              </clipPath>
                              <linearGradient id="T" x1="0.227" x2="1.234" y1="46.766" y2="46.766"
                                gradientTransform="matrix(-.0761 1.1872 1.1872 .0761 -34.306 5.797)"
                                gradientUnits="userSpaceOnUse">
                                <stop offset="0" stop-color="#fff"></stop>
                                <stop offset="1" stop-color="#60c0ed"></stop>
                              </linearGradient>
                              <path fill="url(#T)" d="m22 9.2-.1 1.5-1.6-.1.1-1.5z" clip-path="url(#S)"></path>
                              <defs>
                                <path id="U"
                                  d="M22.4 9.4h.4c.2 0 .2 0 .2.2v.1c0 .2-.1.2-.3.2h-.4l.1-.5zm-.2-.2-.3 1.4h.3l.1-.5h.5c.2 0 .4-.1.5-.4v-.1c0-.3-.1-.4-.4-.4h-.7z">
                                </path>
                              </defs>
                              <clipPath id="V">
                                <use xlink:href="#U"></use>
                              </clipPath>
                              <linearGradient id="W" x1="0.227" x2="1.234" y1="46.786" y2="46.786"
                                gradientTransform="matrix(-.0761 1.1872 1.1872 .0761 -32.9 5.888)"
                                gradientUnits="userSpaceOnUse">
                                <stop offset="0" stop-color="#fff"></stop>
                                <stop offset="1" stop-color="#60c0ed"></stop>
                              </linearGradient>
                              <path fill="url(#W)" d="m23.4 9.2-.1 1.5-1.5-.1.1-1.5z" clip-path="url(#V)"></path>
                              <defs>
                                <path id="X" d="m23.5 9.2-.1 1.4h1l.1-.2h-.9l.1-.4h.7v-.2h-.7v-.4h.8v-.2z"></path>
                              </defs>
                              <clipPath id="Y">
                                <use xlink:href="#X"></use>
                              </clipPath>
                              <linearGradient id="Z" x1="0.227" x2="1.234" y1="46.786" y2="46.786"
                                gradientTransform="matrix(-.0761 1.1872 1.1872 .0761 -31.582 5.972)"
                                gradientUnits="userSpaceOnUse">
                                <stop offset="0" stop-color="#fff"></stop>
                                <stop offset="1" stop-color="#60c0ed"></stop>
                              </linearGradient>
                              <path fill="url(#Z)" d="m24.6 9.2-.1 1.5-1.2-.1.1-1.5z" clip-path="url(#Y)"></path>
                              <defs>
                                <path id="a"
                                  d="M25 9.4h.5c.1 0 .2.1.2.2v.1c0 .1-.1.2-.2.2H25v-.5zm-.2-.2-.1 1.4h.3V10h.5c.1 0 .2 0 .2.1s0 .3.1.5h.3c0-.2 0-.4-.1-.5 0-.1-.1-.1-.2-.2.1 0 .2-.1.2-.3v-.1c0-.2-.2-.4-.4-.4h-.8z">
                                </path>
                              </defs>
                              <clipPath id="b">
                                <use xlink:href="#a"></use>
                              </clipPath>
                              <linearGradient id="c" x1="0.227" x2="1.234" y1="46.765" y2="46.765"
                                gradientTransform="matrix(-.0761 1.1872 1.1872 .0761 -30.19 6.061)"
                                gradientUnits="userSpaceOnUse">
                                <stop offset="0" stop-color="#fff"></stop>
                                <stop offset="1" stop-color="#60c0ed"></stop>
                              </linearGradient>
                              <path fill="url(#c)" d="m26 9.2-.1 1.5-1.3-.1.1-1.5z" clip-path="url(#b)"></path>
                              <defs>
                                <path id="d" d="m27.7 9.2.1.6H27v-.6h-.2v1.4h.3V10h.7v.6h.3l-.2-1.4z"></path>
                              </defs>
                              <clipPath id="e">
                                <use xlink:href="#d"></use>
                              </clipPath>
                              <linearGradient id="f" x1="0.227" x2="1.234" y1="46.81" y2="46.81"
                                gradientTransform="matrix(-.0761 1.1872 1.1872 .0761 -28.137 6.193)"
                                gradientUnits="userSpaceOnUse">
                                <stop offset="0" stop-color="#fff"></stop>
                                <stop offset="1" stop-color="#60c0ed"></stop>
                              </linearGradient>
                              <path fill="url(#f)" d="m28.2 9.2-.1 1.5-1.4-.1.1-1.5z" clip-path="url(#e)"></path>
                              <defs>
                                <path id="g" d="m28.2 9.2.2 1.4h1.1l-.1-.2h-.8V10h.7v-.2h-.8v-.4h.7v-.2z"></path>
                              </defs>
                              <clipPath id="h">
                                <use xlink:href="#g"></use>
                              </clipPath>
                              <linearGradient id="i" x1="0.227" x2="1.234" y1="46.818" y2="46.818"
                                gradientTransform="matrix(-.0761 1.1872 1.1872 .0761 -26.745 6.282)"
                                gradientUnits="userSpaceOnUse">
                                <stop offset="0" stop-color="#fff"></stop>
                                <stop offset="1" stop-color="#60c0ed"></stop>
                              </linearGradient>
                              <path fill="url(#i)" d="m29.5 9.2-.1 1.5-1.3-.1.1-1.5z" clip-path="url(#h)"></path>
                              <defs>
                                <path id="j"
                                  d="M29.7 9.4h.5c.1 0 .2.1.2.2v.1c0 .1 0 .2-.2.2h-.5v-.5zm-.2-.2.2 1.4h.3l-.1-.6h.5c.1 0 .2 0 .2.1.1.1.1.3.2.5h.2c-.1-.2-.1-.4-.2-.5l-.2-.2c.1 0 .2-.1.1-.3v-.1c-.1-.2-.2-.4-.5-.4h-.7z">
                                </path>
                              </defs>
                              <clipPath id="k">
                                <use xlink:href="#j"></use>
                              </clipPath>
                              <linearGradient id="l" x1="0.227" x2="1.234" y1="46.826" y2="46.826"
                                gradientTransform="matrix(-.0761 1.1872 1.1872 .0761 -25.39 6.369)"
                                gradientUnits="userSpaceOnUse">
                                <stop offset="0" stop-color="#fff"></stop>
                                <stop offset="1" stop-color="#60c0ed"></stop>
                              </linearGradient>
                              <path fill="url(#l)" d="M31 9.2v1.5l-1.6-.1.1-1.5z" clip-path="url(#k)"></path>
                              <defs>
                                <path id="m"
                                  d="M31.2 9.9c-.1-.4 0-.5.3-.5s.4.1.6.5c.1.4 0 .5-.3.5s-.5-.1-.6-.5m-.2 0c.2.6.5.8.9.8s.7-.1.5-.8c-.2-.6-.5-.7-.9-.7-.4-.1-.7.1-.5.7">
                                </path>
                              </defs>
                              <clipPath id="n">
                                <use xlink:href="#m"></use>
                              </clipPath>
                              <linearGradient id="o" x1="0.227" x2="1.234" y1="46.844" y2="46.844"
                                gradientTransform="matrix(-.0761 1.1872 1.1872 .0761 -23.93 6.463)"
                                gradientUnits="userSpaceOnUse">
                                <stop offset="0" stop-color="#fff"></stop>
                                <stop offset="1" stop-color="#60c0ed"></stop>
                              </linearGradient>
                              <path fill="url(#o)" d="m32.6 9.2-.1 1.6-1.8-.2.1-1.6z" clip-path="url(#n)"></path>
                              <defs>
                                <path id="p"
                                  d="M16.3 13.8h.1c.2 0 .4-.1.6-.1H17.3c.1 0 .1.1.1.2v.3c0 .1-.1.2-.2.4l-.3.3c-.2 0-.4.1-.7.2l-.3-.1.4-1.2zm.8-2.1h.5c.1 0 .2 0 .2.1v.2c0 .1-.1.1-.1.2s-.1.1-.1.2c-.1 0-.1.1-.2.1-.2 0-.3 0-.5.1h-.2l.4-.9zm-.4-1.1L14.1 17l2.3-.8c.3-.1.6-.3.8-.5.3-.3.5-.6.7-.9s.3-.7.4-1 .1-.5.1-.7c0-.1-.1-.2-.2-.3l-.1-.1.1-.1.3-.3c.2-.2.3-.4.3-.6.1-.2.1-.4.1-.6s-.1-.3-.2-.4-.2-.1-.4-.1h-1.6z">
                                </path>
                              </defs>
                              <clipPath id="q">
                                <use xlink:href="#p"></use>
                              </clipPath>
                              <linearGradient id="r" x1="0.729" x2="1.736" y1="50.723" y2="50.723"
                                gradientTransform="matrix(0 4.8319 4.8319 0 -228.589 6.949)"
                                gradientUnits="userSpaceOnUse">
                                <stop offset="0" stop-color="#fff"></stop>
                                <stop offset="1" stop-color="#60c0ed"></stop>
                              </linearGradient>
                              <path fill="url(#r)" d="M14.1 10.6H19V17h-4.9z" clip-path="url(#q)"></path>
                              <defs>
                                <path id="s"
                                  d="M21 11.1c-.2.7-.3 1.4-.5 2.2 0 .2-.1.3-.2.4s-.2.2-.3.2-.2 0-.2-.1v-.4l.6-2.3h-.8l-.7 2.2c-.1.4-.2.7-.2 1s.1.4.2.6c.2.1.4.1.8.1.5-.1.9-.3 1.1-.7.3-.3.5-.7.5-1.2.1-.7.3-1.4.4-2H21">
                                </path>
                              </defs>
                              <clipPath id="t">
                                <use xlink:href="#s"></use>
                              </clipPath>
                              <linearGradient id="u" x1="0.729" x2="1.736" y1="50.727" y2="50.727"
                                gradientTransform="matrix(0 4.8319 4.8319 0 -224.794 6.949)"
                                gradientUnits="userSpaceOnUse">
                                <stop offset="0" stop-color="#fff"></stop>
                                <stop offset="1" stop-color="#60c0ed"></stop>
                              </linearGradient>
                              <path fill="url(#u)" d="M18.8 11.1h3.1v4h-3.1z" clip-path="url(#t)"></path>
                              <defs>
                                <path id="v" d="m22.2 11.1-.6 3.5c.3 0 .7-.1 1-.1l.5-3.4c-.3-.1-.6 0-.9 0"></path>
                              </defs>
                              <clipPath id="w">
                                <use xlink:href="#v"></use>
                              </clipPath>
                              <linearGradient id="x" x1="0.729" x2="1.736" y1="50.73" y2="50.73"
                                gradientTransform="matrix(0 4.8319 4.8319 0 -222.807 6.949)"
                                gradientUnits="userSpaceOnUse">
                                <stop offset="0" stop-color="#fff"></stop>
                                <stop offset="1" stop-color="#60c0ed"></stop>
                              </linearGradient>
                              <path fill="url(#x)" d="M21.6 11h1.5v3.5h-1.5z" clip-path="url(#w)"></path>
                              <defs>
                                <path id="y" d="m23.4 11-.4 3.4c.7-.1 1.3-.1 2-.1v-.9h-.9l.2-2.4h-.9"></path>
                              </defs>
                              <clipPath id="z">
                                <use xlink:href="#y"></use>
                              </clipPath>
                              <linearGradient id="AA" x1="0.729" x2="1.736" y1="50.732" y2="50.732"
                                gradientTransform="matrix(0 4.8319 4.8319 0 -221.156 6.949)"
                                gradientUnits="userSpaceOnUse">
                                <stop offset="0" stop-color="#fff"></stop>
                                <stop offset="1" stop-color="#60c0ed"></stop>
                              </linearGradient>
                              <path fill="url(#AA)" d="M23 11h2v3.4h-2z" clip-path="url(#z)"></path>
                              <defs>
                                <path id="AB"
                                  d="M26.1 11.8c.2 0 .3 0 .4.1s.2.1.2.2c.1.1.1.2.1.3 0 .2 0 .3-.1.4 0 .1-.1.2-.2.3s-.2.1-.4.1H26c.1-.4.1-.9.1-1.4m-.9-.8-.1 3.3h1c.4 0 .7-.1 1-.2.2-.2.4-.4.5-.7s.1-.6.1-1c0-.3-.1-.5-.2-.7s-.3-.4-.5-.5-.4-.2-.7-.2h-1.1">
                                </path>
                              </defs>
                              <clipPath id="AC">
                                <use xlink:href="#AB"></use>
                              </clipPath>
                              <linearGradient id="AD" x1="0.729" x2="1.736" y1="50.738" y2="50.738"
                                gradientTransform="matrix(0 4.8319 4.8319 0 -218.76 6.949)"
                                gradientUnits="userSpaceOnUse">
                                <stop offset="0" stop-color="#fff"></stop>
                                <stop offset="1" stop-color="#60c0ed"></stop>
                              </linearGradient>
                              <path fill="url(#AD)" d="M25.1 11h2.5v3.3h-2.5z" clip-path="url(#AC)"></path>
                              <defs>
                                <path id="AE"
                                  d="m27.8 11 .3 3.3c.8.1 1.6.1 2.4.3-.1-.4-.1-.7-.2-1-.5 0-.9-.1-1.4-.1 0-.2 0-.3-.1-.5.3 0 .7 0 1 .1-.1-.3-.1-.6-.2-.9h-.9v-.3c.4 0 .8 0 1.3.1-.1-.3-.1-.6-.2-.8-.7-.2-1.3-.2-2-.2z">
                                </path>
                              </defs>
                              <clipPath id="AF">
                                <use xlink:href="#AE"></use>
                              </clipPath>
                              <linearGradient id="AG" x1="0.729" x2="1.736" y1="50.74" y2="50.74"
                                gradientTransform="matrix(0 4.8319 4.8319 0 -216.03 6.949)"
                                gradientUnits="userSpaceOnUse">
                                <stop offset="0" stop-color="#fff"></stop>
                                <stop offset="1" stop-color="#60c0ed"></stop>
                              </linearGradient>
                              <path fill="url(#AG)" d="M27.8 11h2.7v3.6h-2.7z" clip-path="url(#AF)"></path>
                              <defs>
                                <path id="AH"
                                  d="M31.7 12.7h-.4c-.1-.2-.1-.5-.2-.7h.4c.1 0 .1 0 .2.1.1 0 .1.1.1.1 0 .1.1.1.1.2v.2c0 .1-.1.1-.1.1h-.1m-1.6-1.6.7 3.6c.3 0 .7.1 1 .2l-.3-1.2h.2a9.13 9.13 0 0 0 .8 1.3c.4.1.8.2 1.2.2l-1-1.6c.1-.1.2-.3.2-.5s0-.4-.1-.6l-.3-.6c-.1-.2-.3-.4-.5-.5s-.4-.2-.5-.2c-.5-.1-.9-.1-1.4-.1z">
                                </path>
                              </defs>
                              <clipPath id="AI">
                                <use xlink:href="#AH"></use>
                              </clipPath>
                              <linearGradient id="AJ" x1="0.729" x2="1.736" y1="50.743" y2="50.743"
                                gradientTransform="matrix(0 4.8319 4.8319 0 -213.286 6.949)"
                                gradientUnits="userSpaceOnUse">
                                <stop offset="0" stop-color="#fff"></stop>
                                <stop offset="1" stop-color="#60c0ed"></stop>
                              </linearGradient>
                              <path fill="url(#AJ)" d="M30.1 11.1h3.6v4.1h-3.6z" clip-path="url(#AI)"></path>
                              <defs>
                                <path id="AK"
                                  d="M33.5 10.5c-.2 0-.3.1-.4.2s-.2.3-.2.5 0 .5.1.7c.1.3.2.5.4.7s.3.4.5.5c.2.2.4.3.7.5 0 0 .1 0 .1.1 0 0 .1 0 .1.1.2.2.4.3.5.4s.2.2.2.3v.2s-.1.1-.2 0l-1.5-.3c.2.6.4 1.1.5 1.7l2.1.6c.3.1.5.1.7-.1.1-.2.2-.4.1-.8 0-.3-.1-.7-.3-1.1s-.3-.7-.6-1c-.2-.3-.4-.5-.6-.6-.2-.2-.4-.3-.7-.5-.2-.1-.3-.2-.4-.2-.1-.1-.2-.1-.2-.2-.1-.1-.1-.1-.1-.2v-.2h.2c.4 0 .8.1 1.2.1l-.6-1.4h-1.6z">
                                </path>
                              </defs>
                              <clipPath id="AL">
                                <use xlink:href="#AK"></use>
                              </clipPath>
                              <linearGradient id="AM" x1="0.729" x2="1.736" y1="50.748" y2="50.748"
                                gradientTransform="matrix(0 4.8319 4.8319 0 -210.207 6.949)"
                                gradientUnits="userSpaceOnUse">
                                <stop offset="0" stop-color="#fff"></stop>
                                <stop offset="1" stop-color="#60c0ed"></stop>
                              </linearGradient>
                              <path fill="url(#AM)" d="M32.8 10.5h4.4v6.4h-4.4z" clip-path="url(#AL)"></path>
                            </svg></span>
                          <div aria-hidden="true" class="product__pricing_area show-on-small-screen"
                            data-testid="small-screen-pricing">
                            <section class="sc-a74e72d4-0 hdFZxN product__pricing product__pricing"
                              data-testid="product_price">
                              <div class="price"><span class="price__value" data-testid="product-pricing"
                                  aria-label="Price $5.50">$5.50</span></div>
                              <div class="price__calculation_method">$3.44 per 100g</div>
                            </section>
                            <div class="product__rating_area" data-testid="product-rating">
                              <div data-bv-show="inline_rating" data-bv-product-id="6386670"></div>
                            </div>
                            <div role="status"></div>
                          </div>
                        </div>
                      </header>
                    </div>
                    <div class="product__cta_section">
                      <div aria-hidden="false" class="product__pricing_area hide-on-small-screen"
                        data-testid="large-screen-pricing">
                        <section class="sc-a74e72d4-0 hdFZxN product__pricing product__pricing"
                          data-testid="product_price">
                          <div class="price"><span class="price__value" data-testid="product-pricing"
                              aria-label="Price $5.50">$5.50</span></div>
                          <div class="price__calculation_method">$3.44 per 100g</div>
                        </section>
                        <div class="product__rating_area" data-testid="product-rating">
                          <div data-bv-show="inline_rating" data-bv-product-id="6386670"></div>
                        </div>
                        <div role="status"></div>
                      </div>
                      <div data-testid="product-tile-cta-content">
                        <div class="product__lists_cta_wrapper">
                          <div data-testid="add-to-cart"
                            class="sc-bb8990ec-0 iPUtwI product__add_to_cart product__add_to_cart"><button
                              data-testid="add-to-cart-button"
                              aria-label="Add Darrell Lea Lifesavers Banana Block to the trolley"
                              class="sc-1a0c6950-0 bPjHUF product-tiles-btn coles-targeting-ButtonButton button"><span
                                aria-hidden="false"
                                class="sc-d01591ce-0 doDoww coles-targeting-ButtonButtonChildContainer"><svg
                                  focusable="false" xmlns="http://www.w3.org/2000/svg" width="24" height="24"
                                  viewBox="0 0 24 24">
                                  <g fill="none" fill-rule="evenodd">
                                    <path stroke="currentColor" stroke-linecap="round" stroke-linejoin="round"
                                      stroke-width="2" vector-effect="non-scaling-stroke"
                                      d="M8,22 C8.55228475,22 9,21.5522847 9,21 C9,20.4477153 8.55228475,20 8,20 C7.44771525,20 7,20.4477153 7,21 C7,21.5522847 7.44771525,22 8,22 Z M18,22 C18.5522847,22 19,21.5522847 19,21 C19,20.4477153 18.5522847,20 18,20 C17.4477153,20 17,20.4477153 17,21 C17,21.5522847 17.4477153,22 18,22 Z M2,3 L4.5,3 L6.68,14.39 C6.86873697,15.3402315 7.71138394,16.0185624 8.68,16 L17.4,16 C18.3686161,16.0185624 19.211263,15.3402315 19.4,14.39 L21,7 M13,12 L13,6 M10,9 L16,9">
                                    </path>
                                  </g>
                                </svg>Add</span></button></div>
                        </div>
                      </div>
                    </div>
                  </section>
                  <section data-testid="product-tile"
                    class="sc-cd26f304-1 eMqtFX coles-targeting-ProductTileProductTileWrapper">
                    <div class="sc-db96e1e2-0 gKiRyN coles-targeting-ProductTileHat coles-targeting-ProductTileHat"
                      data-testid="product-hat"></div>
                    <div class="sc-cd26f304-2 dipGkY coles-targeting-ProductTileHeaderWrapper">
                      <header class="product__header">
                        <div class="product__image_area"><a class="product__link product__image"
                            aria-label="Coles Dried Banana Chips | 400g"
                            href="/product/coles-dried-banana-chips-400g-5221812"><span
                              style="box-sizing:border-box;display:inline-block;overflow:hidden;width:initial;height:initial;background:none;opacity:1;border:0;margin:0;padding:0;position:relative;max-width:100%"><span
                                style="box-sizing:border-box;display:block;width:initial;height:initial;background:none;opacity:1;border:0;margin:0;padding:0;max-width:100%"><img
                                  style="display:block;max-width:100%;width:initial;height:initial;background:none;opacity:1;border:0;margin:0;padding:0"
                                  alt="" aria-hidden="true"
                                  src="data:image/svg+xml,%3csvg%20xmlns=%27http://www.w3.org/2000/svg%27%20version=%271.1%27%20width=%27200%27%20height=%27200%27/%3e"></span><img
                                alt="Coles Dried Banana Chips | 400g" data-testid="product-image"
                                src="data:image/gif;base64,R0lGODlhAQABAIAAAAAAAP///yH5BAEAAAAALAAAAAABAAEAAAIBRAA7"
                                decoding="async" data-nimg="intrinsic"
                                style="position:absolute;top:0;left:0;bottom:0;right:0;box-sizing:border-box;padding:0;border:none;margin:auto;display:block;width:0;height:0;min-width:100%;max-width:100%;min-height:100%;max-height:100%"><noscript><img
                                  alt="Coles Dried Banana Chips | 400g" data-testid="product-image"
                                  srcSet="https://productimages.coles.com.au/productimages/5/5221812.jpg?w=200 1x, https://productimages.coles.com.au/productimages/5/5221812.jpg?w=200 2x"
                                  src="https://productimages.coles.com.au/productimages/5/5221812.jpg?w=200"
                                  decoding="async" data-nimg="intrinsic"
                                  style="position:absolute;top:0;left:0;bottom:0;right:0;box-sizing:border-box;padding:0;border:none;margin:auto;display:block;width:0;height:0;min-width:100%;max-width:100%;min-height:100%;max-height:100%"
                                  loading="lazy" /></noscript></span></a></div>
                        <div class="product__message-title_area"><a class="product__link" tabindex="-1"
                            href="/product/coles-dried-banana-chips-400g-5221812">
                            <h2 class="LinesEllipsis  product__title">Coles Dried Banana Chips | 400g<wbr></h2>
                          </a>
                          <div aria-hidden="true" class="product__pricing_area show-on-small-screen"
                            data-testid="small-screen-pricing">
                            <section class="sc-a74e72d4-0 hdFZxN product__pricing product__pricing"
                              data-testid="product_price">
                              <div class="price"><span class="price__value" data-testid="product-pricing"
                                  aria-label="Price $5.50">$5.50</span></div>
                              <div class="price__calculation_method">$13.75 per 1kg</div>
                            </section>
                            <div class="product__rating_area" data-testid="product-rating">
                              <div data-bv-show="inline_rating" data-bv-product-id="5221812"></div>
                            </div>
                            <div role="status"></div>
                          </div>
                        </div>
                      </header>
                    </div>
                    <div class="product__cta_section">
                      <div aria-hidden="false" class="product__pricing_area hide-on-small-screen"
                        data-testid="large-screen-pricing">
                        <section class="sc-a74e72d4-0 hdFZxN product__pricing product__pricing"
                          data-testid="product_price">
                          <div class="price"><span class="price__value" data-testid="product-pricing"
                              aria-label="Price $5.50">$5.50</span></div>
                          <div class="price__calculation_method">$13.75 per 1kg</div>
                        </section>
                        <div class="product__rating_area" data-testid="product-rating">
                          <div data-bv-show="inline_rating" data-bv-product-id="5221812"></div>
                        </div>
                        <div role="status"></div>
                      </div>
                      <div data-testid="product-tile-cta-content">
                        <div class="product__lists_cta_wrapper">
                          <div data-testid="add-to-cart"
                            class="sc-bb8990ec-0 iPUtwI product__add_to_cart product__add_to_cart"><button
                              data-testid="add-to-cart-button" aria-label="Add Coles Dried Banana Chips to the trolley"
                              class="sc-1a0c6950-0 bPjHUF product-tiles-btn coles-targeting-ButtonButton button"><span
                                aria-hidden="false"
                                class="sc-d01591ce-0 doDoww coles-targeting-ButtonButtonChildContainer"><svg
                                  focusable="false" xmlns="http://www.w3.org/2000/svg" width="24" height="24"
                                  viewBox="0 0 24 24">
                                  <g fill="none" fill-rule="evenodd">
                                    <path stroke="currentColor" stroke-linecap="round" stroke-linejoin="round"
                                      stroke-width="2" vector-effect="non-scaling-stroke"
                                      d="M8,22 C8.55228475,22 9,21.5522847 9,21 C9,20.4477153 8.55228475,20 8,20 C7.44771525,20 7,20.4477153 7,21 C7,21.5522847 7.44771525,22 8,22 Z M18,22 C18.5522847,22 19,21.5522847 19,21 C19,20.4477153 18.5522847,20 18,20 C17.4477153,20 17,20.4477153 17,21 C17,21.5522847 17.4477153,22 18,22 Z M2,3 L4.5,3 L6.68,14.39 C6.86873697,15.3402315 7.71138394,16.0185624 8.68,16 L17.4,16 C18.3686161,16.0185624 19.211263,15.3402315 19.4,14.39 L21,7 M13,12 L13,6 M10,9 L16,9">
                                    </path>
                                  </g>
                                </svg>Add</span></button></div>
                        </div>
                      </div>
                    </div>
                  </section>
                  <section data-testid="product-tile"
                    class="sc-cd26f304-1 eMqtFX coles-targeting-ProductTileProductTileWrapper">
                    <div class="sc-db96e1e2-0 gKiRyN coles-targeting-ProductTileHat coles-targeting-ProductTileHat"
                      data-testid="product-hat"></div>
                    <div class="sc-cd26f304-2 dipGkY coles-targeting-ProductTileHeaderWrapper">
                      <header class="product__header">
                        <div class="product__image_area"><a class="product__link product__image"
                            aria-label="Green's Traditional Banana Bread | 400g"
                            href="/product/green's-traditional-banana-bread-400g-3996947"><span
                              style="box-sizing:border-box;display:inline-block;overflow:hidden;width:initial;height:initial;background:none;opacity:1;border:0;margin:0;padding:0;position:relative;max-width:100%"><span
                                style="box-sizing:border-box;display:block;width:initial;height:initial;background:none;opacity:1;border:0;margin:0;padding:0;max-width:100%"><img
                                  style="display:block;max-width:100%;width:initial;height:initial;background:none;opacity:1;border:0;margin:0;padding:0"
                                  alt="" aria-hidden="true"
                                  src="data:image/svg+xml,%3csvg%20xmlns=%27http://www.w3.org/2000/svg%27%20version=%271.1%27%20width=%27200%27%20height=%27200%27/%3e"></span><img
                                alt="Green's Traditional Banana Bread | 400g" data-testid="product-image"
                                src="data:image/gif;base64,R0lGODlhAQABAIAAAAAAAP///yH5BAEAAAAALAAAAAABAAEAAAIBRAA7"
                                decoding="async" data-nimg="intrinsic"
                                style="position:absolute;top:0;left:0;bottom:0;right:0;box-sizing:border-box;padding:0;border:none;margin:auto;display:block;width:0;height:0;min-width:100%;max-width:100%;min-height:100%;max-height:100%"><noscript><img
                                  alt="Green&#x27;s Traditional Banana Bread | 400g" data-testid="product-image"
                                  srcSet="https://productimages.coles.com.au/productimages/3/3996947.jpg?w=200 1x, https://productimages.coles.com.au/productimages/3/3996947.jpg?w=200 2x"
                                  src="https://productimages.coles.com.au/productimages/3/3996947.jpg?w=200"
                                  decoding="async" data-nimg="intrinsic"
                                  style="position:absolute;top:0;left:0;bottom:0;right:0;box-sizing:border-box;padding:0;border:none;margin:auto;display:block;width:0;height:0;min-width:100%;max-width:100%;min-height:100%;max-height:100%"
                                  loading="lazy" /></noscript></span></a></div>
                        <div class="product__message-title_area"><a class="product__link" tabindex="-1"
                            href="/product/green's-traditional-banana-bread-400g-3996947">
                            <h2 class="LinesEllipsis  product__title">Green's Traditional Banana Bread | 400g<wbr></h2>
                          </a><span data-testid="dropped-and-locked"
                            class="sc-3d9feb9c-0 dzuHVY product__badge product__badge"><span
                              class="roundel-text dropped-and-locked">DROPPED
                              &amp;
                              LOCKED</span></span>
                          <div aria-hidden="true" class="product__pricing_area show-on-small-screen"
                            data-testid="small-screen-pricing">
                            <section class="sc-a74e72d4-0 hdFZxN product__pricing product__pricing"
                              data-testid="product_price">
                              <div class="price"><span class="price__value" data-testid="product-pricing"
                                  aria-label="Price $2.50">$2.50</span><span data-testid="badge-wrapper"
                                  type="accent-secondary" class="sc-3828539d-0 fCMmiz badge is-small badge is-small">
                                  <section aria-label="" class="badge-label">Until 26 Sep 2023</section>
                                </span></div>
                              <div class="price__calculation_method">$0.63 per 100g</div><span
                                class="price__dropped_locked">Was $3.00 on Jul 2023</span>
                            </section>
                            <div class="product__rating_area" data-testid="product-rating">
                              <div data-bv-show="inline_rating" data-bv-product-id="3996947"></div>
                            </div>
                            <div role="status"></div>
                          </div>
                        </div>
                      </header>
                    </div>
                    <div class="product__cta_section">
                      <div aria-hidden="false" class="product__pricing_area hide-on-small-screen"
                        data-testid="large-screen-pricing">
                        <section class="sc-a74e72d4-0 hdFZxN product__pricing product__pricing"
                          data-testid="product_price">
                          <div class="price"><span class="price__value" data-testid="product-pricing"
                              aria-label="Price $2.50">$2.50</span><span data-testid="badge-wrapper"
                              type="accent-secondary" class="sc-3828539d-0 fCMmiz badge is-small badge is-small">
                              <section aria-label="" class="badge-label">Until 26 Sep 2023</section>
                            </span></div>
                          <div class="price__calculation_method">$0.63 per 100g</div><span
                            class="price__dropped_locked">Was $3.00 on Jul 2023</span>
                        </section>
                        <div class="product__rating_area" data-testid="product-rating">
                          <div data-bv-show="inline_rating" data-bv-product-id="3996947"></div>
                        </div>
                        <div role="status"></div>
                      </div>
                      <div data-testid="product-tile-cta-content">
                        <div class="product__lists_cta_wrapper">
                          <div data-testid="add-to-cart"
                            class="sc-bb8990ec-0 iPUtwI product__add_to_cart product__add_to_cart"><button
                              data-testid="add-to-cart-button"
                              aria-label="Add Green's Traditional Banana Bread to the trolley"
                              class="sc-1a0c6950-0 bPjHUF product-tiles-btn coles-targeting-ButtonButton button"><span
                                aria-hidden="false"
                                class="sc-d01591ce-0 doDoww coles-targeting-ButtonButtonChildContainer"><svg
                                  focusable="false" xmlns="http://www.w3.org/2000/svg" width="24" height="24"
                                  viewBox="0 0 24 24">
                                  <g fill="none" fill-rule="evenodd">
                                    <path stroke="currentColor" stroke-linecap="round" stroke-linejoin="round"
                                      stroke-width="2" vector-effect="non-scaling-stroke"
                                      d="M8,22 C8.55228475,22 9,21.5522847 9,21 C9,20.4477153 8.55228475,20 8,20 C7.44771525,20 7,20.4477153 7,21 C7,21.5522847 7.44771525,22 8,22 Z M18,22 C18.5522847,22 19,21.5522847 19,21 C19,20.4477153 18.5522847,20 18,20 C17.4477153,20 17,20.4477153 17,21 C17,21.5522847 17.4477153,22 18,22 Z M2,3 L4.5,3 L6.68,14.39 C6.86873697,15.3402315 7.71138394,16.0185624 8.68,16 L17.4,16 C18.3686161,16.0185624 19.211263,15.3402315 19.4,14.39 L21,7 M13,12 L13,6 M10,9 L16,9">
                                    </path>
                                  </g>
                                </svg>Add</span></button></div>
                        </div>
                      </div>
                    </div>
                  </section>
                  <section data-testid="product-tile"
                    class="sc-cd26f304-1 eMqtFX coles-targeting-ProductTileProductTileWrapper">
                    <div class="sc-db96e1e2-0 gKiRyN coles-targeting-ProductTileHat coles-targeting-ProductTileHat"
                      data-testid="product-hat"></div>
                    <div class="sc-cd26f304-2 dipGkY coles-targeting-ProductTileHeaderWrapper">
                      <header class="product__header">
                        <div class="product__image_area"><a class="product__link product__image"
                            aria-label="Coles Banana Muffin Bars | 420g"
                            href="/product/coles-banana-muffin-bars-420g-3883747"><span
                              style="box-sizing:border-box;display:inline-block;overflow:hidden;width:initial;height:initial;background:none;opacity:1;border:0;margin:0;padding:0;position:relative;max-width:100%"><span
                                style="box-sizing:border-box;display:block;width:initial;height:initial;background:none;opacity:1;border:0;margin:0;padding:0;max-width:100%"><img
                                  style="display:block;max-width:100%;width:initial;height:initial;background:none;opacity:1;border:0;margin:0;padding:0"
                                  alt="" aria-hidden="true"
                                  src="data:image/svg+xml,%3csvg%20xmlns=%27http://www.w3.org/2000/svg%27%20version=%271.1%27%20width=%27200%27%20height=%27200%27/%3e"></span><img
                                alt="Coles Banana Muffin Bars | 420g" data-testid="product-image"
                                src="data:image/gif;base64,R0lGODlhAQABAIAAAAAAAP///yH5BAEAAAAALAAAAAABAAEAAAIBRAA7"
                                decoding="async" data-nimg="intrinsic"
                                style="position:absolute;top:0;left:0;bottom:0;right:0;box-sizing:border-box;padding:0;border:none;margin:auto;display:block;width:0;height:0;min-width:100%;max-width:100%;min-height:100%;max-height:100%"><noscript><img
                                  alt="Coles Banana Muffin Bars | 420g" data-testid="product-image"
                                  srcSet="https://productimages.coles.com.au/productimages/3/3883747.jpg?w=200 1x, https://productimages.coles.com.au/productimages/3/3883747.jpg?w=200 2x"
                                  src="https://productimages.coles.com.au/productimages/3/3883747.jpg?w=200"
                                  decoding="async" data-nimg="intrinsic"
                                  style="position:absolute;top:0;left:0;bottom:0;right:0;box-sizing:border-box;padding:0;border:none;margin:auto;display:block;width:0;height:0;min-width:100%;max-width:100%;min-height:100%;max-height:100%"
                                  loading="lazy" /></noscript></span></a></div>
                        <div class="product__message-title_area"><a class="product__link" tabindex="-1"
                            href="/product/coles-banana-muffin-bars-420g-3883747">
                            <h2 class="LinesEllipsis  product__title">Coles Banana Muffin Bars | 420g<wbr></h2>
                          </a>
                          <div aria-hidden="true" class="product__pricing_area show-on-small-screen"
                            data-testid="small-screen-pricing">
                            <section class="sc-a74e72d4-0 hdFZxN product__pricing product__pricing"
                              data-testid="product_price">
                              <div class="price"><span class="price__value" data-testid="product-pricing"
                                  aria-label="Price $5.85">$5.85</span></div>
                              <div class="price__calculation_method">$1.39 per 100g</div>
                            </section>
                            <div class="product__rating_area" data-testid="product-rating">
                              <div data-bv-show="inline_rating" data-bv-product-id="3883747"></div>
                            </div>
                            <div role="status"></div>
                          </div>
                        </div>
                      </header>
                    </div>
                    <div class="product__cta_section">
                      <div aria-hidden="false" class="product__pricing_area hide-on-small-screen"
                        data-testid="large-screen-pricing">
                        <section class="sc-a74e72d4-0 hdFZxN product__pricing product__pricing"
                          data-testid="product_price">
                          <div class="price"><span class="price__value" data-testid="product-pricing"
                              aria-label="Price $5.85">$5.85</span></div>
                          <div class="price__calculation_method">$1.39 per 100g</div>
                        </section>
                        <div class="product__rating_area" data-testid="product-rating">
                          <div data-bv-show="inline_rating" data-bv-product-id="3883747"></div>
                        </div>
                        <div role="status"></div>
                      </div>
                      <div data-testid="product-tile-cta-content">
                        <div class="product__lists_cta_wrapper">
                          <div data-testid="add-to-cart"
                            class="sc-bb8990ec-0 iPUtwI product__add_to_cart product__add_to_cart"><button
                              data-testid="add-to-cart-button" aria-label="Add Coles Banana Muffin Bars to the trolley"
                              class="sc-1a0c6950-0 bPjHUF product-tiles-btn coles-targeting-ButtonButton button"><span
                                aria-hidden="false"
                                class="sc-d01591ce-0 doDoww coles-targeting-ButtonButtonChildContainer"><svg
                                  focusable="false" xmlns="http://www.w3.org/2000/svg" width="24" height="24"
                                  viewBox="0 0 24 24">
                                  <g fill="none" fill-rule="evenodd">
                                    <path stroke="currentColor" stroke-linecap="round" stroke-linejoin="round"
                                      stroke-width="2" vector-effect="non-scaling-stroke"
                                      d="M8,22 C8.55228475,22 9,21.5522847 9,21 C9,20.4477153 8.55228475,20 8,20 C7.44771525,20 7,20.4477153 7,21 C7,21.5522847 7.44771525,22 8,22 Z M18,22 C18.5522847,22 19,21.5522847 19,21 C19,20.4477153 18.5522847,20 18,20 C17.4477153,20 17,20.4477153 17,21 C17,21.5522847 17.4477153,22 18,22 Z M2,3 L4.5,3 L6.68,14.39 C6.86873697,15.3402315 7.71138394,16.0185624 8.68,16 L17.4,16 C18.3686161,16.0185624 19.211263,15.3402315 19.4,14.39 L21,7 M13,12 L13,6 M10,9 L16,9">
                                    </path>
                                  </g>
                                </svg>Add</span></button></div>
                        </div>
                      </div>
                    </div>
                  </section>
                  <section data-testid="product-tile"
                    class="sc-cd26f304-1 eMqtFX coles-targeting-ProductTileProductTileWrapper">
                    <div class="sc-db96e1e2-0 gKiRyN coles-targeting-ProductTileHat coles-targeting-ProductTileHat"
                      data-testid="product-hat"></div>
                    <div class="sc-cd26f304-2 dipGkY coles-targeting-ProductTileHeaderWrapper">
                      <header class="product__header">
                        <div class="product__image_area"><a class="product__link product__image"
                            aria-label="Kozhikoden's Banana Chips | 200g"
                            href="/product/kozhikoden's-banana-chips-200g-5254979"><span
                              style="box-sizing:border-box;display:inline-block;overflow:hidden;width:initial;height:initial;background:none;opacity:1;border:0;margin:0;padding:0;position:relative;max-width:100%"><span
                                style="box-sizing:border-box;display:block;width:initial;height:initial;background:none;opacity:1;border:0;margin:0;padding:0;max-width:100%"><img
                                  style="display:block;max-width:100%;width:initial;height:initial;background:none;opacity:1;border:0;margin:0;padding:0"
                                  alt="" aria-hidden="true"
                                  src="data:image/svg+xml,%3csvg%20xmlns=%27http://www.w3.org/2000/svg%27%20version=%271.1%27%20width=%27200%27%20height=%27200%27/%3e"></span><img
                                alt="Kozhikoden's Banana Chips | 200g" data-testid="product-image"
                                src="data:image/gif;base64,R0lGODlhAQABAIAAAAAAAP///yH5BAEAAAAALAAAAAABAAEAAAIBRAA7"
                                decoding="async" data-nimg="intrinsic"
                                style="position:absolute;top:0;left:0;bottom:0;right:0;box-sizing:border-box;padding:0;border:none;margin:auto;display:block;width:0;height:0;min-width:100%;max-width:100%;min-height:100%;max-height:100%"><noscript><img
                                  alt="Kozhikoden&#x27;s Banana Chips | 200g" data-testid="product-image"
                                  srcSet="https://productimages.coles.com.au/productimages/5/5254979.jpg?w=200 1x, https://productimages.coles.com.au/productimages/5/5254979.jpg?w=200 2x"
                                  src="https://productimages.coles.com.au/productimages/5/5254979.jpg?w=200"
                                  decoding="async" data-nimg="intrinsic"
                                  style="position:absolute;top:0;left:0;bottom:0;right:0;box-sizing:border-box;padding:0;border:none;margin:auto;display:block;width:0;height:0;min-width:100%;max-width:100%;min-height:100%;max-height:100%"
                                  loading="lazy" /></noscript></span></a></div>
                        <div class="product__message-title_area"><a class="product__link" tabindex="-1"
                            href="/product/kozhikoden's-banana-chips-200g-5254979">
                            <h2 class="LinesEllipsis  product__title">Kozhikoden's Banana Chips | 200g<wbr></h2>
                          </a>
                          <div aria-hidden="true" class="product__pricing_area show-on-small-screen"
                            data-testid="small-screen-pricing">
                            <section class="sc-a74e72d4-0 hdFZxN product__pricing product__pricing"
                              data-testid="product_price">
                              <div class="price"><span class="price__value" data-testid="product-pricing"
                                  aria-label="Price $3.50">$3.50</span></div>
                              <div class="price__calculation_method">$1.75 per 100g</div>
                            </section>
                            <div class="product__rating_area" data-testid="product-rating">
                              <div data-bv-show="inline_rating" data-bv-product-id="5254979"></div>
                            </div>
                            <div role="status"></div>
                          </div>
                        </div>
                      </header>
                    </div>
                    <div class="product__cta_section">
                      <div aria-hidden="false" class="product__pricing_area hide-on-small-screen"
                        data-testid="large-screen-pricing">
                        <section class="sc-a74e72d4-0 hdFZxN product__pricing product__pricing"
                          data-testid="product_price">
                          <div class="price"><span class="price__value" data-testid="product-pricing"
                              aria-label="Price $3.50">$3.50</span></div>
                          <div class="price__calculation_method">$1.75 per 100g</div>
                        </section>
                        <div class="product__rating_area" data-testid="product-rating">
                          <div data-bv-show="inline_rating" data-bv-product-id="5254979"></div>
                        </div>
                        <div role="status"></div>
                      </div>
                      <div data-testid="product-tile-cta-content">
                        <div class="product__lists_cta_wrapper">
                          <div data-testid="add-to-cart"
                            class="sc-bb8990ec-0 iPUtwI product__add_to_cart product__add_to_cart"><button
                              data-testid="add-to-cart-button" aria-label="Add Kozhikoden's Banana Chips to the trolley"
                              class="sc-1a0c6950-0 bPjHUF product-tiles-btn coles-targeting-ButtonButton button"><span
                                aria-hidden="false"
                                class="sc-d01591ce-0 doDoww coles-targeting-ButtonButtonChildContainer"><svg
                                  focusable="false" xmlns="http://www.w3.org/2000/svg" width="24" height="24"
                                  viewBox="0 0 24 24">
                                  <g fill="none" fill-rule="evenodd">
                                    <path stroke="currentColor" stroke-linecap="round" stroke-linejoin="round"
                                      stroke-width="2" vector-effect="non-scaling-stroke"
                                      d="M8,22 C8.55228475,22 9,21.5522847 9,21 C9,20.4477153 8.55228475,20 8,20 C7.44771525,20 7,20.4477153 7,21 C7,21.5522847 7.44771525,22 8,22 Z M18,22 C18.5522847,22 19,21.5522847 19,21 C19,20.4477153 18.5522847,20 18,20 C17.4477153,20 17,20.4477153 17,21 C17,21.5522847 17.4477153,22 18,22 Z M2,3 L4.5,3 L6.68,14.39 C6.86873697,15.3402315 7.71138394,16.0185624 8.68,16 L17.4,16 C18.3686161,16.0185624 19.211263,15.3402315 19.4,14.39 L21,7 M13,12 L13,6 M10,9 L16,9">
                                    </path>
                                  </g>
                                </svg>Add</span></button></div>
                        </div>
                      </div>
                    </div>
                  </section>
                  <section data-testid="product-tile"
                    class="sc-cd26f304-1 eMqtFX coles-targeting-ProductTileProductTileWrapper">
                    <div class="sc-db96e1e2-0 gKiRyN coles-targeting-ProductTileHat coles-targeting-ProductTileHat"
                      data-testid="product-hat"></div>
                    <div class="sc-cd26f304-2 dipGkY coles-targeting-ProductTileHeaderWrapper">
                      <header class="product__header">
                        <div class="product__image_area"><a class="product__link product__image"
                            aria-label="Coles Banana Custard Pouch | 90g"
                            href="/product/coles-banana-custard-pouch-90g-3501545"><span
                              style="box-sizing:border-box;display:inline-block;overflow:hidden;width:initial;height:initial;background:none;opacity:1;border:0;margin:0;padding:0;position:relative;max-width:100%"><span
                                style="box-sizing:border-box;display:block;width:initial;height:initial;background:none;opacity:1;border:0;margin:0;padding:0;max-width:100%"><img
                                  style="display:block;max-width:100%;width:initial;height:initial;background:none;opacity:1;border:0;margin:0;padding:0"
                                  alt="" aria-hidden="true"
                                  src="data:image/svg+xml,%3csvg%20xmlns=%27http://www.w3.org/2000/svg%27%20version=%271.1%27%20width=%27200%27%20height=%27200%27/%3e"></span><img
                                alt="Coles Banana Custard Pouch | 90g" data-testid="product-image"
                                src="data:image/gif;base64,R0lGODlhAQABAIAAAAAAAP///yH5BAEAAAAALAAAAAABAAEAAAIBRAA7"
                                decoding="async" data-nimg="intrinsic"
                                style="position:absolute;top:0;left:0;bottom:0;right:0;box-sizing:border-box;padding:0;border:none;margin:auto;display:block;width:0;height:0;min-width:100%;max-width:100%;min-height:100%;max-height:100%"><noscript><img
                                  alt="Coles Banana Custard Pouch | 90g" data-testid="product-image"
                                  srcSet="https://productimages.coles.com.au/productimages/3/3501545.jpg?w=200 1x, https://productimages.coles.com.au/productimages/3/3501545.jpg?w=200 2x"
                                  src="https://productimages.coles.com.au/productimages/3/3501545.jpg?w=200"
                                  decoding="async" data-nimg="intrinsic"
                                  style="position:absolute;top:0;left:0;bottom:0;right:0;box-sizing:border-box;padding:0;border:none;margin:auto;display:block;width:0;height:0;min-width:100%;max-width:100%;min-height:100%;max-height:100%"
                                  loading="lazy" /></noscript></span></a></div>
                        <div class="product__message-title_area"><a class="product__link" tabindex="-1"
                            href="/product/coles-banana-custard-pouch-90g-3501545">
                            <h2 class="LinesEllipsis  product__title">Coles Banana Custard Pouch | 90g<wbr></h2>
                          </a><span data-testid="every-day"
                            class="sc-3d9feb9c-0 dzuHVY product__badge product__badge"><span
                              class="roundel-text every-day">EVERY DAY</span></span>
                          <div aria-hidden="true" class="product__pricing_area show-on-small-screen"
                            data-testid="small-screen-pricing">
                            <section class="sc-a74e72d4-0 hdFZxN product__pricing product__pricing"
                              data-testid="product_price">
                              <div class="price"><span class="price__value" data-testid="product-pricing"
                                  aria-label="Price $0.95">$0.95</span></div>
                              <div class="price__calculation_method">$1.06 per 100g</div>
                            </section>
                            <div class="product__rating_area" data-testid="product-rating">
                              <div data-bv-show="inline_rating" data-bv-product-id="3501545"></div>
                            </div>
                            <div role="status"></div>
                          </div>
                        </div>
                      </header>
                    </div>
                    <div class="product__cta_section">
                      <div aria-hidden="false" class="product__pricing_area hide-on-small-screen"
                        data-testid="large-screen-pricing">
                        <section class="sc-a74e72d4-0 hdFZxN product__pricing product__pricing"
                          data-testid="product_price">
                          <div class="price"><span class="price__value" data-testid="product-pricing"
                              aria-label="Price $0.95">$0.95</span></div>
                          <div class="price__calculation_method">$1.06 per 100g</div>
                        </section>
                        <div class="product__rating_area" data-testid="product-rating">
                          <div data-bv-show="inline_rating" data-bv-product-id="3501545"></div>
                        </div>
                        <div role="status"></div>
                      </div>
                      <div data-testid="product-tile-cta-content">
                        <div class="product__lists_cta_wrapper">
                          <div data-testid="add-to-cart"
                            class="sc-bb8990ec-0 iPUtwI product__add_to_cart product__add_to_cart"><button
                              data-testid="add-to-cart-button"
                              aria-label="Add Coles Banana Custard Pouch to the trolley"
                              class="sc-1a0c6950-0 bPjHUF product-tiles-btn coles-targeting-ButtonButton button"><span
                                aria-hidden="false"
                                class="sc-d01591ce-0 doDoww coles-targeting-ButtonButtonChildContainer"><svg
                                  focusable="false" xmlns="http://www.w3.org/2000/svg" width="24" height="24"
                                  viewBox="0 0 24 24">
                                  <g fill="none" fill-rule="evenodd">
                                    <path stroke="currentColor" stroke-linecap="round" stroke-linejoin="round"
                                      stroke-width="2" vector-effect="non-scaling-stroke"
                                      d="M8,22 C8.55228475,22 9,21.5522847 9,21 C9,20.4477153 8.55228475,20 8,20 C7.44771525,20 7,20.4477153 7,21 C7,21.5522847 7.44771525,22 8,22 Z M18,22 C18.5522847,22 19,21.5522847 19,21 C19,20.4477153 18.5522847,20 18,20 C17.4477153,20 17,20.4477153 17,21 C17,21.5522847 17.4477153,22 18,22 Z M2,3 L4.5,3 L6.68,14.39 C6.86873697,15.3402315 7.71138394,16.0185624 8.68,16 L17.4,16 C18.3686161,16.0185624 19.211263,15.3402315 19.4,14.39 L21,7 M13,12 L13,6 M10,9 L16,9">
                                    </path>
                                  </g>
                                </svg>Add</span></button></div>
                        </div>
                      </div>
                    </div>
                  </section>
                  <section data-testid="product-tile"
                    class="sc-cd26f304-1 eMqtFX coles-targeting-ProductTileProductTileWrapper">
                    <div class="sc-db96e1e2-0 gKiRyN coles-targeting-ProductTileHat coles-targeting-ProductTileHat"
                      data-testid="product-hat"></div>
                    <div class="sc-cd26f304-2 dipGkY coles-targeting-ProductTileHeaderWrapper">
                      <header class="product__header">
                        <div class="product__image_area"><a class="product__link product__image"
                            aria-label="Pauls Kids Yoghurt Banana | 70g"
                            href="/product/pauls-kids-yoghurt-banana-70g-4348385"><span
                              style="box-sizing:border-box;display:inline-block;overflow:hidden;width:initial;height:initial;background:none;opacity:1;border:0;margin:0;padding:0;position:relative;max-width:100%"><span
                                style="box-sizing:border-box;display:block;width:initial;height:initial;background:none;opacity:1;border:0;margin:0;padding:0;max-width:100%"><img
                                  style="display:block;max-width:100%;width:initial;height:initial;background:none;opacity:1;border:0;margin:0;padding:0"
                                  alt="" aria-hidden="true"
                                  src="data:image/svg+xml,%3csvg%20xmlns=%27http://www.w3.org/2000/svg%27%20version=%271.1%27%20width=%27200%27%20height=%27200%27/%3e"></span><img
                                alt="Pauls Kids Yoghurt Banana | 70g" data-testid="product-image"
                                src="data:image/gif;base64,R0lGODlhAQABAIAAAAAAAP///yH5BAEAAAAALAAAAAABAAEAAAIBRAA7"
                                decoding="async" data-nimg="intrinsic"
                                style="position:absolute;top:0;left:0;bottom:0;right:0;box-sizing:border-box;padding:0;border:none;margin:auto;display:block;width:0;height:0;min-width:100%;max-width:100%;min-height:100%;max-height:100%"><noscript><img
                                  alt="Pauls Kids Yoghurt Banana | 70g" data-testid="product-image"
                                  srcSet="https://productimages.coles.com.au/productimages/4/4348385.jpg?w=200 1x, https://productimages.coles.com.au/productimages/4/4348385.jpg?w=200 2x"
                                  src="https://productimages.coles.com.au/productimages/4/4348385.jpg?w=200"
                                  decoding="async" data-nimg="intrinsic"
                                  style="position:absolute;top:0;left:0;bottom:0;right:0;box-sizing:border-box;padding:0;border:none;margin:auto;display:block;width:0;height:0;min-width:100%;max-width:100%;min-height:100%;max-height:100%"
                                  loading="lazy" /></noscript></span></a></div>
                        <div class="product__message-title_area"><a class="product__link" tabindex="-1"
                            href="/product/pauls-kids-yoghurt-banana-70g-4348385">
                            <h2 class="LinesEllipsis  product__title">Pauls Kids Yoghurt Banana | 70g<wbr></h2>
                          </a>
                          <div aria-hidden="true" class="product__pricing_area show-on-small-screen"
                            data-testid="small-screen-pricing">
                            <section class="sc-a74e72d4-0 hdFZxN product__pricing product__pricing"
                              data-testid="product_price">
                              <div class="price"><span class="price__value" data-testid="product-pricing"
                                  aria-label="Price $1.20">$1.20</span></div>
                              <div class="price__calculation_method">$1.71 per 100g</div>
                            </section>
                            <div class="product__rating_area" data-testid="product-rating">
                              <div data-bv-show="inline_rating" data-bv-product-id="4348385"></div>
                            </div>
                            <div role="status"></div>
                          </div>
                        </div>
                      </header>
                    </div>
                    <div class="product__cta_section">
                      <div aria-hidden="false" class="product__pricing_area hide-on-small-screen"
                        data-testid="large-screen-pricing">
                        <section class="sc-a74e72d4-0 hdFZxN product__pricing product__pricing"
                          data-testid="product_price">
                          <div class="price"><span class="price__value" data-testid="product-pricing"
                              aria-label="Price $1.20">$1.20</span></div>
                          <div class="price__calculation_method">$1.71 per 100g</div>
                        </section>
                        <div class="product__rating_area" data-testid="product-rating">
                          <div data-bv-show="inline_rating" data-bv-product-id="4348385"></div>
                        </div>
                        <div role="status"></div>
                      </div>
                      <div data-testid="product-tile-cta-content">
                        <div class="product__lists_cta_wrapper">
                          <div data-testid="add-to-cart"
                            class="sc-bb8990ec-0 iPUtwI product__add_to_cart product__add_to_cart"><button
                              data-testid="add-to-cart-button" aria-label="Add Pauls Kids Yoghurt Banana to the trolley"
                              class="sc-1a0c6950-0 bPjHUF product-tiles-btn coles-targeting-ButtonButton button"><span
                                aria-hidden="false"
                                class="sc-d01591ce-0 doDoww coles-targeting-ButtonButtonChildContainer"><svg
                                  focusable="false" xmlns="http://www.w3.org/2000/svg" width="24" height="24"
                                  viewBox="0 0 24 24">
                                  <g fill="none" fill-rule="evenodd">
                                    <path stroke="currentColor" stroke-linecap="round" stroke-linejoin="round"
                                      stroke-width="2" vector-effect="non-scaling-stroke"
                                      d="M8,22 C8.55228475,22 9,21.5522847 9,21 C9,20.4477153 8.55228475,20 8,20 C7.44771525,20 7,20.4477153 7,21 C7,21.5522847 7.44771525,22 8,22 Z M18,22 C18.5522847,22 19,21.5522847 19,21 C19,20.4477153 18.5522847,20 18,20 C17.4477153,20 17,20.4477153 17,21 C17,21.5522847 17.4477153,22 18,22 Z M2,3 L4.5,3 L6.68,14.39 C6.86873697,15.3402315 7.71138394,16.0185624 8.68,16 L17.4,16 C18.3686161,16.0185624 19.211263,15.3402315 19.4,14.39 L21,7 M13,12 L13,6 M10,9 L16,9">
                                    </path>
                                  </g>
                                </svg>Add</span></button></div>
                        </div>
                      </div>
                    </div>
                  </section>
                  <section data-testid="product-tile"
                    class="sc-cd26f304-1 eMqtFX coles-targeting-ProductTileProductTileWrapper">
                    <div
                      class="sc-db96e1e2-0 gKiRyN coles-targeting-ProductTileHat is-special coles-targeting-ProductTileHat is-special"
                      data-testid="product-hat">Special</div>
                    <div class="sc-cd26f304-2 dipGkY coles-targeting-ProductTileHeaderWrapper">
                      <header class="product__header">
                        <div class="product__image_area"><a class="product__link product__image"
                            aria-label="Streets Paddle Pop Banana | 544mL"
                            href="/product/streets-paddle-pop-banana-544ml-3840595"><span
                              style="box-sizing:border-box;display:inline-block;overflow:hidden;width:initial;height:initial;background:none;opacity:1;border:0;margin:0;padding:0;position:relative;max-width:100%"><span
                                style="box-sizing:border-box;display:block;width:initial;height:initial;background:none;opacity:1;border:0;margin:0;padding:0;max-width:100%"><img
                                  style="display:block;max-width:100%;width:initial;height:initial;background:none;opacity:1;border:0;margin:0;padding:0"
                                  alt="" aria-hidden="true"
                                  src="data:image/svg+xml,%3csvg%20xmlns=%27http://www.w3.org/2000/svg%27%20version=%271.1%27%20width=%27200%27%20height=%27200%27/%3e"></span><img
                                alt="Streets Paddle Pop Banana | 544mL" data-testid="product-image"
                                src="data:image/gif;base64,R0lGODlhAQABAIAAAAAAAP///yH5BAEAAAAALAAAAAABAAEAAAIBRAA7"
                                decoding="async" data-nimg="intrinsic"
                                style="position:absolute;top:0;left:0;bottom:0;right:0;box-sizing:border-box;padding:0;border:none;margin:auto;display:block;width:0;height:0;min-width:100%;max-width:100%;min-height:100%;max-height:100%"><noscript><img
                                  alt="Streets Paddle Pop Banana | 544mL" data-testid="product-image"
                                  srcSet="https://productimages.coles.com.au/productimages/3/3840595.jpg?w=200 1x, https://productimages.coles.com.au/productimages/3/3840595.jpg?w=200 2x"
                                  src="https://productimages.coles.com.au/productimages/3/3840595.jpg?w=200"
                                  decoding="async" data-nimg="intrinsic"
                                  style="position:absolute;top:0;left:0;bottom:0;right:0;box-sizing:border-box;padding:0;border:none;margin:auto;display:block;width:0;height:0;min-width:100%;max-width:100%;min-height:100%;max-height:100%"
                                  loading="lazy" /></noscript></span></a></div>
                        <div class="product__message-title_area"><a class="product__link" tabindex="-1"
                            href="/product/streets-paddle-pop-banana-544ml-3840595">
                            <h2 class="LinesEllipsis  product__title">Streets Paddle Pop Banana | 544mL<wbr></h2>
                          </a><span data-testid="simple-fixed-price-specials"
                            class="sc-3d9feb9c-0 lcdPHl product__badge product__badge"><span
                              class="roundel-text simple-fixed-price-specials">SPECIAL</span></span>
                          <div aria-hidden="true" class="product__pricing_area show-on-small-screen"
                            data-testid="small-screen-pricing">
                            <section class="sc-a74e72d4-0 hdFZxN product__pricing product__pricing"
                              data-testid="product_price">
                              <div class="price"><span class="price__value" data-testid="product-pricing"
                                  aria-label="Price $7.00">$7.00</span><span data-testid="badge-wrapper" type="savings"
                                  class="sc-3828539d-0 fCMmiz badge is-small badge is-small">
                                  <section aria-label="" class="badge-label">Save $2.00</section>
                                </span></div>
                              <div class="price__calculation_method">$1.29 per 100mL<span class="price__was"> | Was
                                  $9.00</span></div>
                            </section>
                            <div class="product__rating_area" data-testid="product-rating">
                              <div data-bv-show="inline_rating" data-bv-product-id="3840595"></div>
                            </div>
                            <div role="status"></div>
                          </div>
                        </div>
                      </header>
                    </div>
                    <div class="product__cta_section">
                      <div aria-hidden="false" class="product__pricing_area hide-on-small-screen"
                        data-testid="large-screen-pricing">
                        <section class="sc-a74e72d4-0 hdFZxN product__pricing product__pricing"
                          data-testid="product_price">
                          <div class="price"><span class="price__value" data-testid="product-pricing"
                              aria-label="Price $7.00">$7.00</span><span data-testid="badge-wrapper" type="savings"
                              class="sc-3828539d-0 fCMmiz badge is-small badge is-small">
                              <section aria-label="" class="badge-label">Save $2.00</section>
                            </span></div>
                          <div class="price__calculation_method">$1.29 per 100mL<span class="price__was"> | Was
                              $9.00</span></div>
                        </section>
                        <div class="product__rating_area" data-testid="product-rating">
                          <div data-bv-show="inline_rating" data-bv-product-id="3840595"></div>
                        </div>
                        <div role="status"></div>
                      </div>
                      <div data-testid="product-tile-cta-content">
                        <div class="product__lists_cta_wrapper">
                          <div data-testid="add-to-cart"
                            class="sc-bb8990ec-0 iPUtwI product__add_to_cart product__add_to_cart"><button
                              data-testid="add-to-cart-button" aria-label="Add Streets Paddle Pop Banana to the trolley"
                              class="sc-1a0c6950-0 bPjHUF product-tiles-btn coles-targeting-ButtonButton button"><span
                                aria-hidden="false"
                                class="sc-d01591ce-0 doDoww coles-targeting-ButtonButtonChildContainer"><svg
                                  focusable="false" xmlns="http://www.w3.org/2000/svg" width="24" height="24"
                                  viewBox="0 0 24 24">
                                  <g fill="none" fill-rule="evenodd">
                                    <path stroke="currentColor" stroke-linecap="round" stroke-linejoin="round"
                                      stroke-width="2" vector-effect="non-scaling-stroke"
                                      d="M8,22 C8.55228475,22 9,21.5522847 9,21 C9,20.4477153 8.55228475,20 8,20 C7.44771525,20 7,20.4477153 7,21 C7,21.5522847 7.44771525,22 8,22 Z M18,22 C18.5522847,22 19,21.5522847 19,21 C19,20.4477153 18.5522847,20 18,20 C17.4477153,20 17,20.4477153 17,21 C17,21.5522847 17.4477153,22 18,22 Z M2,3 L4.5,3 L6.68,14.39 C6.86873697,15.3402315 7.71138394,16.0185624 8.68,16 L17.4,16 C18.3686161,16.0185624 19.211263,15.3402315 19.4,14.39 L21,7 M13,12 L13,6 M10,9 L16,9">
                                    </path>
                                  </g>
                                </svg>Add</span></button></div>
                        </div>
                      </div>
                    </div>
                  </section>
                  <section data-testid="product-tile"
                    class="sc-cd26f304-1 eMqtFX coles-targeting-ProductTileProductTileWrapper">
                    <div class="sc-db96e1e2-0 gKiRyN coles-targeting-ProductTileHat coles-targeting-ProductTileHat"
                      data-testid="product-hat"></div>
                    <div class="sc-cd26f304-2 dipGkY coles-targeting-ProductTileHeaderWrapper">
                      <header class="product__header">
                        <div class="product__image_area"><a class="product__link product__image"
                            aria-label="Big M Banana Flavoured Milk | 600mL"
                            href="/product/big-m-banana-flavoured-milk-600ml-3034279"><span
                              style="box-sizing:border-box;display:inline-block;overflow:hidden;width:initial;height:initial;background:none;opacity:1;border:0;margin:0;padding:0;position:relative;max-width:100%"><span
                                style="box-sizing:border-box;display:block;width:initial;height:initial;background:none;opacity:1;border:0;margin:0;padding:0;max-width:100%"><img
                                  style="display:block;max-width:100%;width:initial;height:initial;background:none;opacity:1;border:0;margin:0;padding:0"
                                  alt="" aria-hidden="true"
                                  src="data:image/svg+xml,%3csvg%20xmlns=%27http://www.w3.org/2000/svg%27%20version=%271.1%27%20width=%27200%27%20height=%27200%27/%3e"></span><img
                                alt="Big M Banana Flavoured Milk | 600mL" data-testid="product-image"
                                src="data:image/gif;base64,R0lGODlhAQABAIAAAAAAAP///yH5BAEAAAAALAAAAAABAAEAAAIBRAA7"
                                decoding="async" data-nimg="intrinsic"
                                style="position:absolute;top:0;left:0;bottom:0;right:0;box-sizing:border-box;padding:0;border:none;margin:auto;display:block;width:0;height:0;min-width:100%;max-width:100%;min-height:100%;max-height:100%"><noscript><img
                                  alt="Big M Banana Flavoured Milk | 600mL" data-testid="product-image"
                                  srcSet="https://productimages.coles.com.au/productimages/3/3034279.jpg?w=200 1x, https://productimages.coles.com.au/productimages/3/3034279.jpg?w=200 2x"
                                  src="https://productimages.coles.com.au/productimages/3/3034279.jpg?w=200"
                                  decoding="async" data-nimg="intrinsic"
                                  style="position:absolute;top:0;left:0;bottom:0;right:0;box-sizing:border-box;padding:0;border:none;margin:auto;display:block;width:0;height:0;min-width:100%;max-width:100%;min-height:100%;max-height:100%"
                                  loading="lazy" /></noscript></span></a></div>
                        <div class="product__message-title_area"><a class="product__link" tabindex="-1"
                            href="/product/big-m-banana-flavoured-milk-600ml-3034279">
                            <h2 class="LinesEllipsis  product__title">Big M Banana Flavoured Milk | 600mL<wbr></h2>
                          </a>
                          <div aria-hidden="true" class="product__pricing_area show-on-small-screen"
                            data-testid="small-screen-pricing">
                            <section class="sc-a74e72d4-0 hdFZxN product__pricing product__pricing"
                              data-testid="product_price">
                              <div class="price"><span class="price__value" data-testid="product-pricing"
                                  aria-label="Price $3.50">$3.50</span></div>
                              <div class="price__calculation_method">$5.83 per 1L</div>
                            </section>
                            <div class="product__rating_area" data-testid="product-rating">
                              <div data-bv-show="inline_rating" data-bv-product-id="3034279"></div>
                            </div>
                            <div role="status"></div>
                          </div>
                        </div>
                      </header>
                    </div>
                    <div class="product__cta_section">
                      <div aria-hidden="false" class="product__pricing_area hide-on-small-screen"
                        data-testid="large-screen-pricing">
                        <section class="sc-a74e72d4-0 hdFZxN product__pricing product__pricing"
                          data-testid="product_price">
                          <div class="price"><span class="price__value" data-testid="product-pricing"
                              aria-label="Price $3.50">$3.50</span></div>
                          <div class="price__calculation_method">$5.83 per 1L</div>
                        </section>
                        <div class="product__rating_area" data-testid="product-rating">
                          <div data-bv-show="inline_rating" data-bv-product-id="3034279"></div>
                        </div>
                        <div role="status"></div>
                      </div>
                      <div data-testid="product-tile-cta-content">
                        <div class="product__lists_cta_wrapper">
                          <div data-testid="add-to-cart"
                            class="sc-bb8990ec-0 iPUtwI product__add_to_cart product__add_to_cart"><button
                              data-testid="add-to-cart-button"
                              aria-label="Add Big M Banana Flavoured Milk to the trolley"
                              class="sc-1a0c6950-0 bPjHUF product-tiles-btn coles-targeting-ButtonButton button"><span
                                aria-hidden="false"
                                class="sc-d01591ce-0 doDoww coles-targeting-ButtonButtonChildContainer"><svg
                                  focusable="false" xmlns="http://www.w3.org/2000/svg" width="24" height="24"
                                  viewBox="0 0 24 24">
                                  <g fill="none" fill-rule="evenodd">
                                    <path stroke="currentColor" stroke-linecap="round" stroke-linejoin="round"
                                      stroke-width="2" vector-effect="non-scaling-stroke"
                                      d="M8,22 C8.55228475,22 9,21.5522847 9,21 C9,20.4477153 8.55228475,20 8,20 C7.44771525,20 7,20.4477153 7,21 C7,21.5522847 7.44771525,22 8,22 Z M18,22 C18.5522847,22 19,21.5522847 19,21 C19,20.4477153 18.5522847,20 18,20 C17.4477153,20 17,20.4477153 17,21 C17,21.5522847 17.4477153,22 18,22 Z M2,3 L4.5,3 L6.68,14.39 C6.86873697,15.3402315 7.71138394,16.0185624 8.68,16 L17.4,16 C18.3686161,16.0185624 19.211263,15.3402315 19.4,14.39 L21,7 M13,12 L13,6 M10,9 L16,9">
                                    </path>
                                  </g>
                                </svg>Add</span></button></div>
                        </div>
                      </div>
                    </div>
                  </section>
                  <section data-testid="product-tile"
                    class="sc-cd26f304-1 eMqtFX coles-targeting-ProductTileProductTileWrapper">
                    <div class="sc-db96e1e2-0 gKiRyN coles-targeting-ProductTileHat coles-targeting-ProductTileHat"
                      data-testid="product-hat"></div>
                    <div class="sc-cd26f304-2 dipGkY coles-targeting-ProductTileHeaderWrapper">
                      <header class="product__header">
                        <div class="product__image_area"><a class="product__link product__image"
                            aria-label="Coles Banana Bread Baking Mix | 450g"
                            href="/product/coles-banana-bread-baking-mix-450g-2517754"><span
                              style="box-sizing:border-box;display:inline-block;overflow:hidden;width:initial;height:initial;background:none;opacity:1;border:0;margin:0;padding:0;position:relative;max-width:100%"><span
                                style="box-sizing:border-box;display:block;width:initial;height:initial;background:none;opacity:1;border:0;margin:0;padding:0;max-width:100%"><img
                                  style="display:block;max-width:100%;width:initial;height:initial;background:none;opacity:1;border:0;margin:0;padding:0"
                                  alt="" aria-hidden="true"
                                  src="data:image/svg+xml,%3csvg%20xmlns=%27http://www.w3.org/2000/svg%27%20version=%271.1%27%20width=%27200%27%20height=%27200%27/%3e"></span><img
                                alt="Coles Banana Bread Baking Mix | 450g" data-testid="product-image"
                                src="data:image/gif;base64,R0lGODlhAQABAIAAAAAAAP///yH5BAEAAAAALAAAAAABAAEAAAIBRAA7"
                                decoding="async" data-nimg="intrinsic"
                                style="position:absolute;top:0;left:0;bottom:0;right:0;box-sizing:border-box;padding:0;border:none;margin:auto;display:block;width:0;height:0;min-width:100%;max-width:100%;min-height:100%;max-height:100%"><noscript><img
                                  alt="Coles Banana Bread Baking Mix | 450g" data-testid="product-image"
                                  srcSet="https://productimages.coles.com.au/productimages/2/2517754.jpg?w=200 1x, https://productimages.coles.com.au/productimages/2/2517754.jpg?w=200 2x"
                                  src="https://productimages.coles.com.au/productimages/2/2517754.jpg?w=200"
                                  decoding="async" data-nimg="intrinsic"
                                  style="position:absolute;top:0;left:0;bottom:0;right:0;box-sizing:border-box;padding:0;border:none;margin:auto;display:block;width:0;height:0;min-width:100%;max-width:100%;min-height:100%;max-height:100%"
                                  loading="lazy" /></noscript></span></a></div>
                        <div class="product__message-title_area"><a class="product__link" tabindex="-1"
                            href="/product/coles-banana-bread-baking-mix-450g-2517754">
                            <h2 class="LinesEllipsis  product__title">Coles Banana Bread Baking Mix | 450g<wbr></h2>
                          </a>
                          <div aria-hidden="true" class="product__pricing_area show-on-small-screen"
                            data-testid="small-screen-pricing">
                            <section class="sc-a74e72d4-0 hdFZxN product__pricing product__pricing"
                              data-testid="product_price">
                              <div class="price"><span class="price__value" data-testid="product-pricing"
                                  aria-label="Price $2.20">$2.20</span></div>
                              <div class="price__calculation_method">$0.49 per 100g</div>
                            </section>
                            <div class="product__rating_area" data-testid="product-rating">
                              <div data-bv-show="inline_rating" data-bv-product-id="2517754"></div>
                            </div>
                            <div role="status"></div>
                          </div>
                        </div>
                      </header>
                    </div>
                    <div class="product__cta_section">
                      <div aria-hidden="false" class="product__pricing_area hide-on-small-screen"
                        data-testid="large-screen-pricing">
                        <section class="sc-a74e72d4-0 hdFZxN product__pricing product__pricing"
                          data-testid="product_price">
                          <div class="price"><span class="price__value" data-testid="product-pricing"
                              aria-label="Price $2.20">$2.20</span></div>
                          <div class="price__calculation_method">$0.49 per 100g</div>
                        </section>
                        <div class="product__rating_area" data-testid="product-rating">
                          <div data-bv-show="inline_rating" data-bv-product-id="2517754"></div>
                        </div>
                        <div role="status"></div>
                      </div>
                      <div data-testid="product-tile-cta-content">
                        <div class="product__lists_cta_wrapper">
                          <div data-testid="add-to-cart"
                            class="sc-bb8990ec-0 iPUtwI product__add_to_cart product__add_to_cart"><button
                              data-testid="add-to-cart-button"
                              aria-label="Add Coles Banana Bread Baking Mix to the trolley"
                              class="sc-1a0c6950-0 bPjHUF product-tiles-btn coles-targeting-ButtonButton button"><span
                                aria-hidden="false"
                                class="sc-d01591ce-0 doDoww coles-targeting-ButtonButtonChildContainer"><svg
                                  focusable="false" xmlns="http://www.w3.org/2000/svg" width="24" height="24"
                                  viewBox="0 0 24 24">
                                  <g fill="none" fill-rule="evenodd">
                                    <path stroke="currentColor" stroke-linecap="round" stroke-linejoin="round"
                                      stroke-width="2" vector-effect="non-scaling-stroke"
                                      d="M8,22 C8.55228475,22 9,21.5522847 9,21 C9,20.4477153 8.55228475,20 8,20 C7.44771525,20 7,20.4477153 7,21 C7,21.5522847 7.44771525,22 8,22 Z M18,22 C18.5522847,22 19,21.5522847 19,21 C19,20.4477153 18.5522847,20 18,20 C17.4477153,20 17,20.4477153 17,21 C17,21.5522847 17.4477153,22 18,22 Z M2,3 L4.5,3 L6.68,14.39 C6.86873697,15.3402315 7.71138394,16.0185624 8.68,16 L17.4,16 C18.3686161,16.0185624 19.211263,15.3402315 19.4,14.39 L21,7 M13,12 L13,6 M10,9 L16,9">
                                    </path>
                                  </g>
                                </svg>Add</span></button></div>
                        </div>
                      </div>
                    </div>
                  </section>
                  <section data-testid="product-tile"
                    class="sc-cd26f304-1 eMqtFX coles-targeting-ProductTileProductTileWrapper">
                    <div
                      class="sc-db96e1e2-0 gKiRyN coles-targeting-ProductTileHat is-special coles-targeting-ProductTileHat is-special"
                      data-testid="product-hat">Special</div>
                    <div class="sc-cd26f304-2 dipGkY coles-targeting-ProductTileHeaderWrapper">
                      <header class="product__header">
                        <div class="product__image_area"><a class="product__link product__image"
                            aria-label="Creative Gourmet Frozen Banana Chunks | 500g"
                            href="/product/creative-gourmet-frozen-banana-chunks-500g-3059972"><span
                              style="box-sizing:border-box;display:inline-block;overflow:hidden;width:initial;height:initial;background:none;opacity:1;border:0;margin:0;padding:0;position:relative;max-width:100%"><span
                                style="box-sizing:border-box;display:block;width:initial;height:initial;background:none;opacity:1;border:0;margin:0;padding:0;max-width:100%"><img
                                  style="display:block;max-width:100%;width:initial;height:initial;background:none;opacity:1;border:0;margin:0;padding:0"
                                  alt="" aria-hidden="true"
                                  src="data:image/svg+xml,%3csvg%20xmlns=%27http://www.w3.org/2000/svg%27%20version=%271.1%27%20width=%27200%27%20height=%27200%27/%3e"></span><img
                                alt="Creative Gourmet Frozen Banana Chunks | 500g" data-testid="product-image"
                                src="data:image/gif;base64,R0lGODlhAQABAIAAAAAAAP///yH5BAEAAAAALAAAAAABAAEAAAIBRAA7"
                                decoding="async" data-nimg="intrinsic"
                                style="position:absolute;top:0;left:0;bottom:0;right:0;box-sizing:border-box;padding:0;border:none;margin:auto;display:block;width:0;height:0;min-width:100%;max-width:100%;min-height:100%;max-height:100%"><noscript><img
                                  alt="Creative Gourmet Frozen Banana Chunks | 500g" data-testid="product-image"
                                  srcSet="https://productimages.coles.com.au/productimages/3/3059972.jpg?w=200 1x, https://productimages.coles.com.au/productimages/3/3059972.jpg?w=200 2x"
                                  src="https://productimages.coles.com.au/productimages/3/3059972.jpg?w=200"
                                  decoding="async" data-nimg="intrinsic"
                                  style="position:absolute;top:0;left:0;bottom:0;right:0;box-sizing:border-box;padding:0;border:none;margin:auto;display:block;width:0;height:0;min-width:100%;max-width:100%;min-height:100%;max-height:100%"
                                  loading="lazy" /></noscript></span></a></div>
                        <div class="product__message-title_area"><a class="product__link" tabindex="-1"
                            href="/product/creative-gourmet-frozen-banana-chunks-500g-3059972">
                            <h2 class="LinesEllipsis  product__title">Creative Gourmet Frozen Banana Chunks | 500g<wbr>
                            </h2>
                          </a><span data-testid="simple-fixed-price-specials"
                            class="sc-3d9feb9c-0 iLtRpo product__badge product__badge"><span
                              class="roundel-text simple-fixed-price-specials is-half-price">1/2</span><span
                              class="roundel-adornment simple-fixed-price-specials is-half-price">PRICE</span></span>
                          <div aria-hidden="true" class="product__pricing_area show-on-small-screen"
                            data-testid="small-screen-pricing">
                            <section class="sc-a74e72d4-0 hdFZxN product__pricing product__pricing"
                              data-testid="product_price">
                              <div class="price"><span class="price__value" data-testid="product-pricing"
                                  aria-label="Price $2.50">$2.50</span><span data-testid="badge-wrapper" type="savings"
                                  class="sc-3828539d-0 fCMmiz badge is-small badge is-small">
                                  <section aria-label="" class="badge-label">Save $2.50</section>
                                </span></div>
                              <div class="price__calculation_method">$5.00 per 1kg<span class="price__was"> | Was
                                  $5.00</span></div>
                            </section>
                            <div class="product__rating_area" data-testid="product-rating">
                              <div data-bv-show="inline_rating" data-bv-product-id="3059972"></div>
                            </div>
                            <div role="status"></div>
                          </div>
                        </div>
                      </header>
                    </div>
                    <div class="product__cta_section">
                      <div aria-hidden="false" class="product__pricing_area hide-on-small-screen"
                        data-testid="large-screen-pricing">
                        <section class="sc-a74e72d4-0 hdFZxN product__pricing product__pricing"
                          data-testid="product_price">
                          <div class="price"><span class="price__value" data-testid="product-pricing"
                              aria-label="Price $2.50">$2.50</span><span data-testid="badge-wrapper" type="savings"
                              class="sc-3828539d-0 fCMmiz badge is-small badge is-small">
                              <section aria-label="" class="badge-label">Save $2.50</section>
                            </span></div>
                          <div class="price__calculation_method">$5.00 per 1kg<span class="price__was"> | Was
                              $5.00</span></div>
                        </section>
                        <div class="product__rating_area" data-testid="product-rating">
                          <div data-bv-show="inline_rating" data-bv-product-id="3059972"></div>
                        </div>
                        <div role="status"></div>
                      </div>
                      <div data-testid="product-tile-cta-content">
                        <div class="product__lists_cta_wrapper">
                          <div data-testid="add-to-cart"
                            class="sc-bb8990ec-0 iPUtwI product__add_to_cart product__add_to_cart"><button
                              data-testid="add-to-cart-button"
                              aria-label="Add Creative Gourmet Frozen Banana Chunks to the trolley"
                              class="sc-1a0c6950-0 bPjHUF product-tiles-btn coles-targeting-ButtonButton button"><span
                                aria-hidden="false"
                                class="sc-d01591ce-0 doDoww coles-targeting-ButtonButtonChildContainer"><svg
                                  focusable="false" xmlns="http://www.w3.org/2000/svg" width="24" height="24"
                                  viewBox="0 0 24 24">
                                  <g fill="none" fill-rule="evenodd">
                                    <path stroke="currentColor" stroke-linecap="round" stroke-linejoin="round"
                                      stroke-width="2" vector-effect="non-scaling-stroke"
                                      d="M8,22 C8.55228475,22 9,21.5522847 9,21 C9,20.4477153 8.55228475,20 8,20 C7.44771525,20 7,20.4477153 7,21 C7,21.5522847 7.44771525,22 8,22 Z M18,22 C18.5522847,22 19,21.5522847 19,21 C19,20.4477153 18.5522847,20 18,20 C17.4477153,20 17,20.4477153 17,21 C17,21.5522847 17.4477153,22 18,22 Z M2,3 L4.5,3 L6.68,14.39 C6.86873697,15.3402315 7.71138394,16.0185624 8.68,16 L17.4,16 C18.3686161,16.0185624 19.211263,15.3402315 19.4,14.39 L21,7 M13,12 L13,6 M10,9 L16,9">
                                    </path>
                                  </g>
                                </svg>Add</span></button></div>
                        </div>
                      </div>
                    </div>
                  </section>
                </div>
              </div>
              <div class="sc-d6446c66-5 gyEAbC coles-targeting-StylesSearchStylesAutoPaginationWrapper">
                <nav data-testid="pagination" aria-label="Pagination navigation">
                  <ul class="sc-c6633df8-1 hyMvJd coles-targeting-PaginationPaginationUl">
                    <li><button aria-label="Go to previous page" disabled="" id="pagination-button-previous"
                        class="sc-1a0c6950-0 sc-c6633df8-3 esObSL frunSQ coles-targeting-ButtonButton button coles-targeting-PaginationPaginationBoundaryButton"><span
                          aria-hidden="false"
                          class="sc-d01591ce-0 duoPoh coles-targeting-ButtonButtonChildContainer"><svg focusable="false"
                            xmlns="http://www.w3.org/2000/svg" width="24" height="24" viewBox="0 0 24 24">
                            <g fill="none" fill-rule="evenodd">
                              <polyline stroke="currentColor" stroke-linecap="round" stroke-linejoin="round"
                                stroke-width="2" vector-effect="non-scaling-stroke" points="12 18 12 6 18 12 12 6 6 12"
                                transform="rotate(-90 12 12)"></polyline>
                            </g>
                          </svg></span></button></li>
                    <li><a
                        class="MuiButtonBase-root MuiPaginationItem-root MuiPaginationItem-sizeMedium MuiPaginationItem-text MuiPaginationItem-circular Mui-selected MuiPaginationItem-page sc-c6633df8-4 bNaBNT coles-targeting-PaginationPaginationItem mui-style-1xr9krm"
                        tabindex="0" aria-current="true" aria-label="Page 1" id="pagination-button-page-1"
                        href="/search?q=bananas">1</a></li>
                    <li><a
                        class="MuiButtonBase-root MuiPaginationItem-root MuiPaginationItem-sizeMedium MuiPaginationItem-text MuiPaginationItem-circular MuiPaginationItem-page sc-c6633df8-4 bNaBNT coles-targeting-PaginationPaginationItem mui-style-1xr9krm"
                        tabindex="0" aria-label="Go to page 2" id="pagination-button-page-2"
                        href="/search?q=bananas&amp;page=2">2</a></li>
                    <li><a
                        class="MuiButtonBase-root MuiPaginationItem-root MuiPaginationItem-sizeMedium MuiPaginationItem-text MuiPaginationItem-circular MuiPaginationItem-page sc-c6633df8-4 bNaBNT coles-targeting-PaginationPaginationItem mui-style-1xr9krm"
                        tabindex="0" aria-label="Go to page 3" id="pagination-button-page-3"
                        href="/search?q=bananas&amp;page=3">3</a></li>
                    <li><button aria-label="Go to next page" id="pagination-button-next"
                        class="sc-1a0c6950-0 sc-c6633df8-3 esObSL frunSQ coles-targeting-ButtonButton button coles-targeting-PaginationPaginationBoundaryButton"><span
                          aria-hidden="false"
                          class="sc-d01591ce-0 duoPoh coles-targeting-ButtonButtonChildContainer"><svg focusable="false"
                            xmlns="http://www.w3.org/2000/svg" width="24" height="24" viewBox="0 0 24 24">
                            <g fill="none" fill-rule="evenodd">
                              <polyline stroke="currentColor" stroke-linecap="round" stroke-linejoin="round"
                                stroke-width="2" vector-effect="non-scaling-stroke" points="12 18 12 6 18 12 12 6 6 12"
                                transform="matrix(0 -1 -1 0 24 24)"></polyline>
                            </g>
                          </svg></span></button></li>
                  </ul><span role="status" aria-live="polite" class="sr-only">Page 1 of 3</span>
                </nav>
              </div>
              <div id="cusp-medallia-search"></div>
              <div></div>
            </div>
          </div>
        </div>
      </div>
      <div id="coles-targeting-footer-container">
        <footer>
          <div class="sc-ec673d14-0 kwevNN coles-targeting-FooterFooterWrapper">
            <div data-testid="footer-content-shop">
              <div class="sc-ec673d14-1 bsjxhz coles-targeting-FooterFooterMenuSection">
                <div class="sc-ec673d14-2 kvkCEC coles-targeting-FooterLinksContainer">
                  <div data-testid="coles-menu-desktop" class="sc-ec673d14-4 fRLnNG coles-targeting-FooterColesLinks">
                    <div>
                      <div>
                        <h2 class="sc-ec673d14-11 dipPQS">Customer help</h2>
                        <ul class="coles-links">
                          <li><a href="/help/contact" aria-label="Contact us"
                              class="sc-51aa5295-0 grgOfD coles-targeting-LinkLinkInternal link" tabindex="0"
                              target="">Contact us</a></li>
                          <li><a href="/help" aria-label="Help Centre"
                              class="sc-51aa5295-0 grgOfD coles-targeting-LinkLinkInternal link" tabindex="0"
                              target="">Help Centre</a></li>
                          <li><a href="/help/safety/scam-warning" aria-label="Staying safe online"
                              class="sc-51aa5295-0 grgOfD coles-targeting-LinkLinkInternal link" tabindex="0"
                              target="">Staying safe online</a></li>
                          <li><a href="/help/safety/product-recalls" aria-label="Product recalls"
                              class="sc-51aa5295-0 grgOfD coles-targeting-LinkLinkInternal link" tabindex="0"
                              target="">Product recalls</a></li>
                          <li><a href="/help/accessibility" aria-label="Accessibility"
                              class="sc-51aa5295-0 grgOfD coles-targeting-LinkLinkInternal link" tabindex="0"
                              target="">Accessibility</a></li>
                        </ul>
                      </div>
                    </div>
                    <div>
                      <div>
                        <h2 class="sc-ec673d14-11 dipPQS">Useful links</h2>
                        <ul class="coles-links">
                          <li><a href="/find-stores" aria-label="Stores near you"
                              class="sc-51aa5295-0 grgOfD coles-targeting-LinkLinkInternal link" tabindex="0"
                              target="">Stores near you</a></li>
                          <li><a href="/browse" aria-label="Browse Products"
                              class="sc-51aa5295-0 grgOfD coles-targeting-LinkLinkInternal link" tabindex="0"
                              target="">Browse Products</a></li>
                          <li><a href="/coles-magazines?pid=magazinesfooter" aria-label="Coles magazines"
                              class="sc-51aa5295-0 grgOfD coles-targeting-LinkLinkInternal link" tabindex="0"
                              target="">Coles magazines</a></li>
                          <li><a href="http://giftcards.com.au" aria-label="Gift cards"
                              class="sc-51aa5295-0 grgOfD coles-targeting-LinkLinkInternal link" tabindex="0"
                              target="_blank">Gift cards</a></li>
                          <li><a href="https://www.coles.com.au/customer-care/coles-radio" aria-label="Coles Radio"
                              class="sc-51aa5295-0 grgOfD coles-targeting-LinkLinkInternal link" tabindex="0"
                              target="_blank">Coles Radio</a></li>
                          <li><a href="/ways-to-shop/coles-plus" aria-label="Coles Plus"
                              class="sc-51aa5295-0 grgOfD coles-targeting-LinkLinkInternal link" tabindex="0"
                              target="">Coles Plus</a></li>
                          <li><a href="/offers/competition-winners" aria-label="Competition winners"
                              class="sc-51aa5295-0 grgOfD coles-targeting-LinkLinkInternal link" tabindex="0"
                              target="">Competition winners</a></li>
                        </ul>
                      </div>
                    </div>
                    <div>
                      <div>
                        <h2 class="sc-ec673d14-11 dipPQS">About Coles</h2>
                        <ul class="coles-links">
                          <li><a href="/about" aria-label="Introducing us"
                              class="sc-51aa5295-0 grgOfD coles-targeting-LinkLinkInternal link" tabindex="0"
                              target="">Introducing us</a></li>
                          <li><a href="/about/our-brands" aria-label="Our brands"
                              class="sc-51aa5295-0 grgOfD coles-targeting-LinkLinkInternal link" tabindex="0"
                              target="">Our brands</a></li>
                          <li><a href="https://colescareers.com.au/au/en/home" aria-label="Careers"
                              class="sc-51aa5295-0 grgOfD coles-targeting-LinkLinkInternal link" tabindex="0"
                              target="_blank">Careers</a></li>
                          <li><a href="/about/our-history" aria-label="Our history"
                              class="sc-51aa5295-0 grgOfD coles-targeting-LinkLinkInternal link" tabindex="0"
                              target="">Our history</a></li>
                          <li><a href="/about/sustainability" aria-label="Sustainability at Coles"
                              class="sc-51aa5295-0 grgOfD coles-targeting-LinkLinkInternal link" tabindex="0"
                              target="">Sustainability at Coles</a></li>
                          <li><a href="https://www.colesgroup.com.au/news/" aria-label="Media releases"
                              class="sc-51aa5295-0 grgOfD coles-targeting-LinkLinkInternal link" tabindex="0"
                              target="_blank">Media releases</a></li>
                          <li><a href="https://www.colesgroup.com.au/investors" aria-label="Investor information"
                              class="sc-51aa5295-0 grgOfD coles-targeting-LinkLinkInternal link" tabindex="0"
                              target="_blank">Investor information</a></li>
                          <li><a href="/about/flybuys" aria-label="How Flybuys works"
                              class="sc-51aa5295-0 grgOfD coles-targeting-LinkLinkInternal link" tabindex="0"
                              target="">How Flybuys works</a></li>
                        </ul>
                      </div>
                    </div>
                  </div>
                </div>
                <div class="sc-ec673d14-5 iOulyN coles-targeting-FooterSocialSection">
                  <div>
                    <h2>Follow us</h2>
                    <ul class="social-links">
                      <li><a href="https://www.facebook.com/coles" aria-label="Coles facebook" target="_blank"
                          data-testid="social-icon-facebook"
                          class="sc-1a0c6950-0-a egnrWx coles-targeting-ButtonButton button"><span aria-hidden="false"
                            class="sc-d01591ce-0 duoPoh coles-targeting-ButtonButtonChildContainer"><svg
                              focusable="false" role="img" aria-label="social facebook"
                              xmlns="http://www.w3.org/2000/svg" width="24" height="24" viewBox="0 0 24 24" fill="none">
                              <path
                                d="M18 2H15C13.6739 2 12.4021 2.52678 11.4645 3.46447C10.5268 4.40215 10 5.67392 10 7V10H7V14H10V22H14V14H17L18 10H14V7C14 6.73478 14.1054 6.48043 14.2929 6.29289C14.4804 6.10536 14.7348 6 15 6H18V2Z"
                                stroke="currentColor" stroke-width="2" stroke-linecap="round" stroke-linejoin="round">
                              </path>
                            </svg></span></a></li>
                      <li><a href="https://www.instagram.com/colessupermarkets" aria-label="Coles instagram"
                          target="_blank" data-testid="social-icon-instagram"
                          class="sc-1a0c6950-0-a egnrWx coles-targeting-ButtonButton button"><span aria-hidden="false"
                            class="sc-d01591ce-0 duoPoh coles-targeting-ButtonButtonChildContainer"><svg
                              focusable="false" role="img" aria-label="social instagram"
                              xmlns="http://www.w3.org/2000/svg" width="24" height="24" viewBox="0 0 24 24" fill="none">
                              <path
                                d="M17.5 6.5H17.51M7 2H17C19.7614 2 22 4.23858 22 7V17C22 19.7614 19.7614 22 17 22H7C4.23858 22 2 19.7614 2 17V7C2 4.23858 4.23858 2 7 2ZM16 11.37C16.1234 12.2022 15.9813 13.0522 15.5938 13.799C15.2063 14.5458 14.5932 15.1514 13.8416 15.5297C13.0901 15.9079 12.2385 16.0396 11.4078 15.9059C10.5771 15.7723 9.80977 15.3801 9.21485 14.7852C8.61993 14.1902 8.22774 13.4229 8.09408 12.5922C7.96042 11.7615 8.09208 10.9099 8.47034 10.1584C8.8486 9.40685 9.4542 8.79374 10.201 8.40624C10.9478 8.01874 11.7978 7.87658 12.63 8C13.4789 8.12588 14.2649 8.52146 14.8717 9.1283C15.4785 9.73515 15.8741 10.5211 16 11.37Z"
                                stroke="currentColor" stroke-width="2" stroke-linecap="round" stroke-linejoin="round">
                              </path>
                            </svg></span></a></li>
                      <li><a href="https://au.linkedin.com/company/coles" aria-label="Coles linkedin" target="_blank"
                          data-testid="social-icon-linkedin"
                          class="sc-1a0c6950-0-a egnrWx coles-targeting-ButtonButton button"><span aria-hidden="false"
                            class="sc-d01591ce-0 duoPoh coles-targeting-ButtonButtonChildContainer"><svg
                              focusable="false" role="img" aria-label="social linkedIn"
                              xmlns="http://www.w3.org/2000/svg" width="24" height="24" viewBox="0 0 24 24" fill="none">
                              <path
                                d="M16 8C17.5913 8 19.1174 8.63214 20.2426 9.75736C21.3679 10.8826 22 12.4087 22 14V21H18V14C18 13.4696 17.7893 12.9609 17.4142 12.5858C17.0391 12.2107 16.5304 12 16 12C15.4696 12 14.9609 12.2107 14.5858 12.5858C14.2107 12.9609 14 13.4696 14 14V21H10V14C10 12.4087 10.6321 10.8826 11.7574 9.75736C12.8826 8.63214 14.4087 8 16 8Z"
                                stroke="currentColor" stroke-width="2" stroke-linecap="round" stroke-linejoin="round">
                              </path>
                              <path d="M6 9H2V21H6V9Z" stroke="currentColor" stroke-width="2" stroke-linecap="round"
                                stroke-linejoin="round"></path>
                              <path
                                d="M4 6C5.10457 6 6 5.10457 6 4C6 2.89543 5.10457 2 4 2C2.89543 2 2 2.89543 2 4C2 5.10457 2.89543 6 4 6Z"
                                stroke="currentColor" stroke-width="2" stroke-linecap="round" stroke-linejoin="round">
                              </path>
                            </svg></span></a></li>
                      <li><a href="https://www.youtube.com/coles" aria-label="Coles youtube" target="_blank"
                          data-testid="social-icon-youtube"
                          class="sc-1a0c6950-0-a egnrWx coles-targeting-ButtonButton button"><span aria-hidden="false"
                            class="sc-d01591ce-0 duoPoh coles-targeting-ButtonButtonChildContainer"><svg
                              focusable="false" role="img" aria-label="social youtube"
                              xmlns="http://www.w3.org/2000/svg" width="24" height="24" viewBox="0 0 24 24" fill="none">
                              <path
                                d="M22.5401 6.42C22.4213 5.94541 22.1794 5.51057 21.8387 5.15941C21.4981 4.80824 21.0708 4.55318 20.6001 4.42C18.8801 4 12.0001 4 12.0001 4C12.0001 4 5.12008 4 3.40008 4.46C2.92933 4.59318 2.50206 4.84824 2.16143 5.19941C1.8208 5.55057 1.57887 5.98541 1.46008 6.46C1.1453 8.20556 0.991319 9.97631 1.00008 11.75C0.988863 13.537 1.14285 15.3213 1.46008 17.08C1.59104 17.5398 1.83839 17.9581 2.17823 18.2945C2.51806 18.6308 2.9389 18.8738 3.40008 19C5.12008 19.46 12.0001 19.46 12.0001 19.46C12.0001 19.46 18.8801 19.46 20.6001 19C21.0708 18.8668 21.4981 18.6118 21.8387 18.2606C22.1794 17.9094 22.4213 17.4746 22.5401 17C22.8524 15.2676 23.0064 13.5103 23.0001 11.75C23.0113 9.96295 22.8573 8.1787 22.5401 6.42Z"
                                stroke="currentColor" stroke-width="2" stroke-linecap="round" stroke-linejoin="round">
                              </path>
                              <path d="M9.75006 15.02L15.5001 11.75L9.75006 8.47998V15.02Z" stroke="currentColor"
                                stroke-width="2" stroke-linecap="round" stroke-linejoin="round"></path>
                            </svg></span></a></li>
                    </ul>
                  </div>
                  <div>
                    <h2>Download the Coles app</h2>
                    <div class="coles-app">
                      <ul class="sc-ec673d14-6 jVcosQ coles-targeting-FooterAppLinksWrapper">
                        <li><a href="https://apps.apple.com/au/app/coles/id529118855" target="_blank" rel="noreferrer"
                            aria-label="Download on the App Store" data-testid="app-store"><svg focusable="false"
                              xmlns="http://www.w3.org/2000/svg" width="120" height="42" viewBox="0 0 120 42"
                              fill="none" class="app-store">
                              <path d="M114.5.5H5.5a5 5 0 0 0-5 5v31a5 5 0 0 0 5 5h109a5 5 0 0 0 5-5v-31a5 5 0 0 0-5-5Z"
                                fill="#212121"></path>
                              <path
                                d="M42.302 28.14h-4.734l-1.136 3.356h-2.005l4.483-12.418h2.083l4.484 12.418h-2.04l-1.135-3.356Zm-4.243-1.55h3.752l-1.85-5.446h-.052l-1.85 5.447Zm17.1.38c0 2.813-1.506 4.62-3.778 4.62a3.07 3.07 0 0 1-2.849-1.583h-.043v4.484h-1.858V22.442h1.799v1.506h.034a3.212 3.212 0 0 1 2.883-1.6c2.297 0 3.812 1.816 3.812 4.622Zm-1.91 0c0-1.833-.947-3.038-2.393-3.038-1.42 0-2.375 1.23-2.375 3.038 0 1.824.956 3.046 2.375 3.046 1.446 0 2.393-1.197 2.393-3.046Zm11.875 0c0 2.813-1.506 4.62-3.778 4.62a3.07 3.07 0 0 1-2.849-1.583h-.043v4.484h-1.858V22.442h1.799v1.506h.034a3.212 3.212 0 0 1 2.883-1.6c2.297 0 3.813 1.816 3.813 4.622Zm-1.91 0c0-1.833-.947-3.038-2.393-3.038-1.42 0-2.375 1.23-2.375 3.038 0 1.824.955 3.046 2.375 3.046 1.446 0 2.393-1.197 2.393-3.046Zm8.496 1.066c.137 1.232 1.334 2.04 2.968 2.04 1.567 0 2.694-.808 2.694-1.919 0-.964-.68-1.54-2.29-1.936l-1.609-.388c-2.28-.55-3.339-1.617-3.339-3.348 0-2.142 1.867-3.614 4.518-3.614 2.625 0 4.424 1.472 4.484 3.614H77.26c-.112-1.239-1.136-1.987-2.634-1.987-1.497 0-2.521.757-2.521 1.858 0 .878.654 1.395 2.255 1.79l1.368.336c2.548.603 3.606 1.626 3.606 3.443 0 2.323-1.85 3.778-4.794 3.778-2.753 0-4.613-1.42-4.733-3.667h1.903ZM83.346 20.3v2.142h1.722v1.472h-1.722v4.991c0 .776.345 1.137 1.102 1.137.204-.004.408-.018.611-.043v1.463c-.34.064-.686.092-1.032.086-1.833 0-2.548-.689-2.548-2.444v-5.19h-1.316v-1.472h1.316V20.3h1.867Zm2.718 6.67c0-2.849 1.678-4.639 4.294-4.639 2.625 0 4.295 1.79 4.295 4.639 0 2.856-1.661 4.639-4.295 4.639-2.633 0-4.294-1.783-4.294-4.64Zm6.695 0c0-1.954-.895-3.108-2.401-3.108-1.506 0-2.401 1.163-2.401 3.108 0 1.962.895 3.106 2.4 3.106 1.507 0 2.402-1.144 2.402-3.106Zm3.426-4.528h1.772v1.541h.044a2.16 2.16 0 0 1 2.177-1.635c.214-.001.428.022.637.069v1.738a2.597 2.597 0 0 0-.835-.112 1.872 1.872 0 0 0-1.937 2.083v5.37h-1.858v-9.054Zm13.198 6.395c-.25 1.643-1.85 2.771-3.898 2.771-2.634 0-4.269-1.764-4.269-4.595 0-2.84 1.644-4.682 4.191-4.682 2.505 0 4.08 1.72 4.08 4.466v.637h-6.395v.112a2.36 2.36 0 0 0 2.436 2.564 2.049 2.049 0 0 0 2.091-1.273h1.764Zm-6.282-2.702h4.526a2.174 2.174 0 0 0-2.22-2.298 2.291 2.291 0 0 0-2.306 2.298ZM37.826 9.731a2.64 2.64 0 0 1 2.808 2.965c0 1.906-1.03 3.002-2.808 3.002h-2.155V9.73h2.155Zm-1.228 5.123h1.125a1.876 1.876 0 0 0 1.967-2.146 1.88 1.88 0 0 0-1.967-2.134h-1.125v4.28Zm5.083-1.41a2.133 2.133 0 1 1 4.247 0 2.134 2.134 0 1 1-4.247 0Zm3.333 0c0-.976-.439-1.546-1.208-1.546-.773 0-1.207.57-1.207 1.546 0 .984.434 1.55 1.207 1.55.77 0 1.208-.57 1.208-1.55Zm6.56 2.254h-.923l-.93-3.317h-.07l-.927 3.317h-.913l-1.242-4.503h.902l.806 3.436h.067l.925-3.436h.853l.926 3.436h.07l.803-3.436h.889l-1.237 4.503Zm2.28-4.503h.855v.715h.066c.231-.527.77-.849 1.344-.802a1.465 1.465 0 0 1 1.559 1.675v2.915h-.889v-2.692c0-.724-.314-1.084-.972-1.084a1.033 1.033 0 0 0-1.075 1.141v2.635h-.889v-4.503Zm5.24-1.758h.888v6.26h-.888v-6.26Zm2.124 4.007a2.134 2.134 0 1 1 4.247 0 2.134 2.134 0 1 1-4.247 0Zm3.333 0c0-.976-.439-1.546-1.208-1.546-.773 0-1.207.57-1.207 1.546 0 .984.434 1.55 1.207 1.55.77 0 1.208-.57 1.208-1.55Zm1.85.98c0-.81.603-1.277 1.675-1.344l1.22-.07v-.389c0-.476-.315-.744-.922-.744-.497 0-.84.182-.939.5h-.86c.09-.773.818-1.27 1.84-1.27 1.128 0 1.765.563 1.765 1.514v3.077h-.855v-.633h-.07c-.291.462-.808.732-1.353.707a1.36 1.36 0 0 1-1.501-1.348Zm2.894-.384v-.377l-1.1.07c-.62.042-.9.253-.9.65 0 .405.351.64.834.64a1.061 1.061 0 0 0 1.166-.983Zm2.053-.596c0-1.423.732-2.324 1.87-2.324a1.484 1.484 0 0 1 1.38.79h.067V9.437h.888v6.26h-.851v-.71h-.07a1.563 1.563 0 0 1-1.415.785c-1.145 0-1.869-.901-1.869-2.328Zm.918 0c0 .955.45 1.53 1.203 1.53.75 0 1.212-.583 1.212-1.526 0-.938-.468-1.53-1.212-1.53-.748 0-1.203.58-1.203 1.526Zm6.964 0a2.133 2.133 0 1 1 4.247 0 2.134 2.134 0 1 1-4.247 0Zm3.333 0c0-.976-.439-1.546-1.208-1.546-.773 0-1.207.57-1.207 1.546 0 .984.435 1.55 1.207 1.55.77 0 1.208-.57 1.208-1.55Zm2.106-2.25h.856v.716h.066c.231-.527.77-.849 1.344-.802a1.464 1.464 0 0 1 1.559 1.675v2.915h-.889v-2.692c0-.724-.315-1.084-.972-1.084a1.033 1.033 0 0 0-1.075 1.141v2.635h-.889v-4.503Zm8.846-1.12v1.141h.976v.749h-.976v2.315c0 .472.195.678.637.678.113 0 .226-.007.339-.02v.74c-.16.029-.322.044-.484.046-.988 0-1.382-.348-1.382-1.216v-2.543h-.714v-.749h.715v-1.141h.89Zm2.19-.637h.88v2.482h.07a1.386 1.386 0 0 1 1.374-.807 1.484 1.484 0 0 1 1.55 1.678v2.908h-.889V13.01c0-.72-.335-1.084-.963-1.084a1.052 1.052 0 0 0-1.134 1.142v2.63h-.888V9.437Zm9.056 5.045a1.828 1.828 0 0 1-1.951 1.303 2.047 2.047 0 0 1-2.08-2.325 2.078 2.078 0 0 1 2.076-2.352c1.253 0 2.009.856 2.009 2.27v.31h-3.18v.05a1.189 1.189 0 0 0 1.199 1.29 1.08 1.08 0 0 0 1.072-.546h.855Zm-3.126-1.451h2.275a1.09 1.09 0 0 0-1.109-1.167 1.153 1.153 0 0 0-1.166 1.167ZM24.997 20.89a5.146 5.146 0 0 1 2.45-4.319 5.268 5.268 0 0 0-4.15-2.243c-1.746-.184-3.44 1.045-4.33 1.045-.906 0-2.276-1.027-3.752-.997a5.527 5.527 0 0 0-4.651 2.837c-2.011 3.482-.511 8.6 1.415 11.414.964 1.378 2.09 2.918 3.565 2.863 1.442-.06 1.981-.92 3.722-.92 1.725 0 2.23.92 3.734.885 1.548-.025 2.523-1.384 3.453-2.775a11.402 11.402 0 0 0 1.58-3.216 4.973 4.973 0 0 1-3.036-4.575Zm-2.84-8.413a5.067 5.067 0 0 0 1.158-3.63 5.155 5.155 0 0 0-3.335 1.726 4.821 4.821 0 0 0-1.19 3.495 4.263 4.263 0 0 0 3.366-1.591Z"
                                fill="#fff"></path>
                            </svg></a></li>
                        <li><a
                            href="https://play.google.com/store/apps/details?id=com.coles.android.shopmate&amp;hl=en_AU"
                            target="_blank" rel="noreferrer" aria-label="Get it on Google Play"
                            data-testid="google-play"><svg focusable="false" xmlns="http://www.w3.org/2000/svg"
                              width="137" height="42" viewBox="0 0 137 42" fill="none" class="google-play">
                              <path
                                d="M131.5 0.5H5.5C2.73858 0.5 0.5 2.73858 0.5 5.5V36.5C0.5 39.2614 2.73858 41.5 5.5 41.5H131.5C134.261 41.5 136.5 39.2614 136.5 36.5V5.5C136.5 2.73858 134.261 0.5 131.5 0.5Z"
                                fill="#212121"></path>
                              <path
                                d="M69.1381 22.7501C66.7936 22.7612 64.9008 24.6688 64.9081 27.0134C64.9155 29.358 66.8202 31.2537 69.1648 31.2501C71.5094 31.2464 73.4081 29.3447 73.4081 27.0001C73.4246 25.8645 72.9794 24.7708 72.1744 23.9696C71.3694 23.1684 70.2737 22.7283 69.1381 22.7501ZM69.1381 29.5801C68.0814 29.654 67.0868 29.0745 66.6302 28.1186C66.1735 27.1627 66.3476 26.0248 67.0691 25.2492C67.7906 24.4735 68.913 24.2178 69.8993 24.6042C70.8857 24.9907 71.5356 25.9408 71.5381 27.0001C71.5707 27.6628 71.3342 28.3105 70.8823 28.7963C70.4304 29.2821 69.8014 29.5648 69.1381 29.5801ZM59.8281 22.7501C57.4822 22.7557 55.5845 24.6609 55.5881 27.0068C55.5918 29.3527 57.4956 31.252 59.8415 31.2501C62.1874 31.2483 64.0881 29.346 64.0881 27.0001C64.1046 25.8645 63.6594 24.7708 62.8544 23.9696C62.0494 23.1684 60.9537 22.7283 59.8181 22.7501H59.8281ZM59.8281 29.5801C58.7708 29.6582 57.7734 29.0815 57.3135 28.1262C56.8536 27.171 57.025 26.0316 57.7455 25.2538C58.466 24.4761 59.5889 24.2182 60.5765 24.6038C61.5641 24.9894 62.2153 25.9399 62.2181 27.0001C62.2507 27.6628 62.0142 28.3105 61.5623 28.7963C61.1104 29.2821 60.4814 29.5648 59.8181 29.5801H59.8281ZM48.7381 24.0601V25.8601H53.0581C52.9904 26.7079 52.638 27.5079 52.0581 28.1301C51.1842 29.0204 49.9747 29.4998 48.7281 29.4501C46.0772 29.4501 43.9281 27.3011 43.9281 24.6501C43.9281 21.9992 46.0772 19.8501 48.7281 19.8501C49.9459 19.8303 51.1219 20.2942 51.9981 21.1401L53.2681 19.8701C52.0731 18.66 50.4389 17.9854 48.7381 18.0001C46.3171 17.9059 44.0385 19.1438 42.8 21.2262C41.5615 23.3086 41.5615 25.9017 42.8 27.9841C44.0385 30.0665 46.3171 31.3044 48.7381 31.2101C50.4699 31.2884 52.1509 30.6138 53.3481 29.3601C54.3958 28.2091 54.9552 26.6959 54.9081 25.1401C54.9114 24.7611 54.8779 24.3827 54.8081 24.0101L48.7381 24.0601ZM94.0481 25.4601C93.5142 23.8893 92.0661 22.8112 90.4081 22.7501C89.3025 22.748 88.2453 23.2035 87.4875 24.0087C86.7298 24.8138 86.339 25.8967 86.4081 27.0001C86.3836 28.1294 86.8193 29.2202 87.6152 30.0217C88.4111 30.8233 89.4987 31.2667 90.6281 31.2501C92.049 31.2578 93.3788 30.5516 94.1681 29.3701L92.7181 28.3701C92.2779 29.1041 91.484 29.5523 90.6281 29.5501C89.7417 29.5839 88.9248 29.0723 88.5681 28.2601L94.2581 25.9101L94.0481 25.4601ZM88.2481 26.8801C88.2072 26.2553 88.4195 25.6403 88.8371 25.1737C89.2548 24.7072 89.8426 24.4284 90.4681 24.4001C91.1275 24.3567 91.7492 24.7108 92.0481 25.3001L88.2481 26.8801ZM83.6281 31.0001H85.4981V18.5001H83.6281V31.0001ZM80.5681 23.7001H80.4981C79.9281 23.0628 79.1132 22.699 78.2581 22.7001C75.9883 22.8102 74.2045 24.6826 74.2045 26.9551C74.2045 29.2277 75.9883 31.1001 78.2581 31.2101C79.116 31.2246 79.9362 30.8584 80.4981 30.2101H80.5581V30.8201C80.5581 32.4501 79.6881 33.3201 78.2881 33.3201C77.3344 33.2978 76.4889 32.7012 76.1481 31.8101L74.5181 32.4901C75.1458 34.0169 76.6374 35.01 78.2881 35.0002C80.4781 35.0002 82.2881 33.7101 82.2881 30.5701V23.0001H80.5681V23.7001ZM78.4281 29.5801C77.091 29.4623 76.0655 28.3424 76.0655 27.0001C76.0655 25.6578 77.091 24.538 78.4281 24.4201C79.0743 24.4533 79.6796 24.7459 80.107 25.2316C80.5344 25.7174 80.7475 26.3551 80.6981 27.0001C80.7533 27.6482 80.5408 28.2906 80.1101 28.7779C79.6794 29.2653 79.0681 29.5552 78.4181 29.5801H78.4281ZM102.808 18.5001H98.3381V31.0001H100.208V26.2601H102.818C104.271 26.3645 105.66 25.6486 106.418 24.4051C107.176 23.1616 107.176 21.5987 106.418 20.3552C105.66 19.1116 104.271 18.3958 102.818 18.5001H102.808ZM102.808 24.5001H100.198V20.2401H102.848C104.033 20.2401 104.993 21.2005 104.993 22.3851C104.993 23.5698 104.033 24.5301 102.848 24.5301L102.808 24.5001ZM114.338 22.7001C112.947 22.617 111.639 23.3672 111.008 24.6101L112.668 25.3001C113.003 24.6838 113.669 24.323 114.368 24.3801C114.848 24.3241 115.33 24.4631 115.706 24.7658C116.082 25.0686 116.32 25.5097 116.368 25.9901V26.1201C115.768 25.8021 115.098 25.6373 114.418 25.6401C112.628 25.6401 110.818 26.6401 110.818 28.4501C110.854 29.2298 111.203 29.962 111.787 30.4799C112.371 30.9979 113.14 31.2577 113.918 31.2001C114.877 31.269 115.798 30.8089 116.318 30.0001H116.378V31.0001H118.178V26.1901C118.178 24.0001 116.518 22.7301 114.388 22.7301L114.338 22.7001ZM114.108 29.5501C113.498 29.5501 112.648 29.2401 112.648 28.4901C112.648 27.4901 113.708 27.1601 114.648 27.1601C115.242 27.1455 115.829 27.2905 116.348 27.5801C116.219 28.6996 115.285 29.5527 114.158 29.5801L114.108 29.5501ZM124.738 23.0001L122.598 28.4201H122.538L120.318 23.0001H118.318L121.648 30.5801L119.748 34.7901H121.698L126.818 23.0001H124.738ZM107.928 31.0001H109.798V18.5001H107.928V31.0001Z"
                                fill="white"></path>
                              <path
                                d="M48.42 11.24C48.4544 11.9812 48.1833 12.7041 47.67 13.24C47.0965 13.8358 46.2965 14.1594 45.47 14.13C44.2024 14.12 43.0642 13.3512 42.5817 12.1789C42.0993 11.0066 42.3666 9.65929 43.26 8.75997C43.8406 8.1673 44.6406 7.84149 45.47 7.85997C45.8928 7.85856 46.3114 7.94364 46.7 8.10997C47.0619 8.25592 47.384 8.48553 47.64 8.77997L47.11 9.30997C46.7054 8.82865 46.0979 8.56566 45.47 8.59997C44.8389 8.59687 44.2337 8.85106 43.7941 9.30391C43.3544 9.75676 43.1183 10.3692 43.14 11C43.1266 11.9532 43.688 12.8208 44.563 13.1992C45.4379 13.5776 46.4546 13.3925 47.14 12.73C47.4478 12.3965 47.6252 11.9635 47.64 11.51H45.47V10.79H48.38C48.4067 10.9385 48.4201 11.0891 48.42 11.24ZM53 8.73997H50.3V10.64H52.76V11.36H50.3V13.26H53V14H49.5V7.99997H53V8.73997ZM56.28 14H55.51V8.73997H53.83V7.99997H58V8.73997H56.28V14ZM60.94 14V7.99997H61.71V14H60.94ZM65.13 14H64.36V8.73997H62.68V7.99997H66.8V8.73997H65.13V14ZM74.61 13.22C73.393 14.4302 71.4271 14.4302 70.21 13.22C69.0303 11.9712 69.0303 10.0187 70.21 8.76997C70.792 8.18372 71.584 7.854 72.41 7.854C73.2361 7.854 74.028 8.18372 74.61 8.76997C75.7948 10.0167 75.7948 11.9732 74.61 13.22ZM70.78 12.72C71.6814 13.6175 73.1387 13.6175 74.04 12.72C74.9252 11.7441 74.9252 10.2558 74.04 9.27997C73.1387 8.38241 71.6814 8.38241 70.78 9.27997C69.8948 10.2558 69.8948 11.7441 70.78 12.72ZM76.58 14V7.99997H77.52L80.44 12.67V7.99997H81.21V14H80.41L77.36 9.10997V14H76.58Z"
                                fill="white"></path>
                              <path
                                d="M11.4401 8.53973C11.1142 8.93083 10.9497 9.43152 10.9801 9.93973V32.0597C10.9497 32.5679 11.1142 33.0686 11.4401 33.4597L11.5101 33.5297L23.9001 21.1497V20.8597L11.5101 8.46973L11.4401 8.53973Z"
                                fill="url(#paint0_linear_6352_549172)"></path>
                              <path
                                d="M27.9988 25.2802L23.8988 21.1502V20.8602L27.9988 16.7202L28.0888 16.7702L32.9988 19.5602C34.3988 20.3502 34.3988 21.6502 32.9988 22.4502L28.1088 25.2302L27.9988 25.2802Z"
                                fill="url(#paint1_linear_6352_549172)"></path>
                              <path
                                d="M28.1175 25.22L23.8975 21L11.4375 33.46C12.0262 33.9775 12.8999 34.0027 13.5175 33.52L28.1275 25.22"
                                fill="url(#paint2_linear_6352_549172)"></path>
                              <path
                                d="M28.1187 16.7801L13.5087 8.48005C12.8911 7.99732 12.0174 8.02253 11.4287 8.54005L23.8987 21.0001L28.1187 16.7801Z"
                                fill="url(#paint3_linear_6352_549172)"></path>
                              <path opacity="0.2"
                                d="M27.9975 25.1299L13.5075 33.3799C12.9145 33.8232 12.1005 33.8232 11.5075 33.3799L11.4375 33.4499L11.5075 33.5199C12.0993 33.9666 12.9157 33.9666 13.5075 33.5199L28.1175 25.2199L27.9975 25.1299Z"
                                fill="white"></path>
                              <path opacity="0.12"
                                d="M11.4401 33.32C11.1142 32.9289 10.9497 32.4282 10.9801 31.92V32.07C10.9497 32.5782 11.1142 33.0789 11.4401 33.47L11.5101 33.4L11.4401 33.32ZM33.0001 22.3L28.0001 25.13L28.0901 25.22L33.0001 22.44C33.5672 22.1736 33.9486 21.6244 34.0001 21C33.8862 21.5648 33.5169 22.045 33.0001 22.3Z"
                                fill="white"></path>
                              <path opacity="0.25"
                                d="M13.5087 8.61994L32.9988 19.6999C33.5155 19.955 33.8848 20.4351 33.9988 20.9999C33.9472 20.3755 33.5658 19.8263 32.9988 19.5599L13.5087 8.47994C12.1087 7.68994 10.9688 8.34994 10.9688 9.94994V10.0999C10.9987 8.48994 12.1187 7.82994 13.5087 8.61994Z"
                                fill="#212121"></path>
                              <defs>
                                <linearGradient id="paint0_linear_6352_549172" x1="18.8643" y1="9.70973" x2="8.24299"
                                  y2="20.3311" gradientUnits="userSpaceOnUse">
                                  <stop stop-color="#00A0FF"></stop>
                                  <stop offset="0.01" stop-color="#00A1FF"></stop>
                                  <stop offset="0.26" stop-color="#00BEFF"></stop>
                                  <stop offset="0.51" stop-color="#00D2FF"></stop>
                                  <stop offset="0.76" stop-color="#00DFFF"></stop>
                                  <stop offset="1" stop-color="#00E3FF"></stop>
                                </linearGradient>
                                <linearGradient id="paint1_linear_6352_549172" x1="34.8288" y1="21.0002" x2="10.6388"
                                  y2="21.0002" gradientUnits="userSpaceOnUse">
                                  <stop stop-color="#FFE000"></stop>
                                  <stop offset="0.41" stop-color="#FFBD00"></stop>
                                  <stop offset="0.78" stop-color="#FFA500"></stop>
                                  <stop offset="1" stop-color="#FF9C00"></stop>
                                </linearGradient>
                                <linearGradient id="paint2_linear_6352_549172" x1="25.8275" y1="24.977" x2="7.68306"
                                  y2="43.1134" gradientUnits="userSpaceOnUse">
                                  <stop stop-color="#FF3A44"></stop>
                                  <stop offset="1" stop-color="#C31162"></stop>
                                </linearGradient>
                                <linearGradient id="paint3_linear_6352_549172" x1="8.29871" y1="6.61206" x2="16.3974"
                                  y2="14.7108" gradientUnits="userSpaceOnUse">
                                  <stop stop-color="#32A071"></stop>
                                  <stop offset="0.07" stop-color="#2DA771"></stop>
                                  <stop offset="0.48" stop-color="#15CF74"></stop>
                                  <stop offset="0.8" stop-color="#06E775"></stop>
                                  <stop offset="1" stop-color="#00F076"></stop>
                                </linearGradient>
                              </defs>
                            </svg></a></li>
                      </ul>
                    </div>
                  </div>
                </div>
              </div>
              <div class="sc-ec673d14-7 brDUBN coles-targeting-FooterBrandSection">
                <h2>Explore our brands</h2>
                <div class="brand-links">
                  <ul class="sc-ec673d14-8 kULGfv coles-targeting-FooterBrandLinkWrapper">
                    <li><a href="https://www.colesexpress.com.au/" aria-label="Coles Express"
                        data-testid="Coles Express" class="sc-ec673d14-9 lmLfiB coles-targeting-FooterColesBrandLinks"
                        target="" rel="noreferrer"><svg focusable="false" xmlns="http://www.w3.org/2000/svg"
                          width="100%" height="100%" viewBox="0 0 470 282" fill="none">
                          <path d="M470 0H0v282h470V0Z" fill="#E01A22"></path>
                          <path
                            d="M290.18 201.48c2.09-.58 4.2-1.13 6.33-1.6 3-.73 6.09-1.35 9.16-1.9 3.07-.55 6.15-1.05 9.25-1.43 2.19-.31 4.39-.54 6.59-.77 2.2-.23 4.4-.43 6.6-.63 2.72-.22 5.43-.44 8.15-.62 2.72-.18 5.45-.31 8.17-.45l1.11-.05c.37 0 .74 0 1.11-.1l.28-.05.24-.06h.07-.06l-.19-.05h-.22c-.4-.05-.81-.06-1.22-.07-.41-.01-.81 0-1.22 0-3.68 0-7.37 0-11.06.09-3.69.09-7.36.28-11 .48-1.71.11-3.42.22-5.13.35-1.71.13-3.41.3-5.12.46-1.71.16-3.37.36-5 .58-1.63.22-3.36.43-5 .72-3.31.5-6.6 1.17-9.86 1.91a82.289 82.289 0 0 0-9.7 2.52c-.23.07-.45.16-.67.25l-.79.06c-.409.17-.81.36-1.2.57-.39.21-.76.44-1 .61a3.15 3.15 0 0 0-.49.37c-.11.11-.23.22-.31.32a.803.803 0 0 0-.16.25.77.77 0 0 0-.06.26.575.575 0 0 0 .06.17.616.616 0 0 0 .22.27.67.67 0 0 0 .21.11c.141.061.289.104.44.13.191.035.386.051.58.05.273.019.547.019.82 0 .336-.024.67-.071 1-.14.39-.07.89-.18 1.38-.3.49-.12 1-.27 1.45-.43 2.07-.64 4.15-1.29 6.25-1.86M252.37 181.66a4.41 4.41 0 0 0 .51 3.07 3.006 3.006 0 0 0 2.53.95 11.99 11.99 0 0 0 3-.37 19.288 19.288 0 0 0 2.23-.69c.11.294.2.594.27.9.073.295.113.596.12.9a1.356 1.356 0 0 1-.42 1.1 5.36 5.36 0 0 1-2.05 1.16 11.004 11.004 0 0 1-3.77.53c-.964.007-1.926-.11-2.86-.35a5.837 5.837 0 0 1-2.26-1.15 5.354 5.354 0 0 1-1.49-2.06 8.008 8.008 0 0 1-.53-3.07c-.025-1.569.229-3.13.75-4.61a9.904 9.904 0 0 1 2.06-3.44 8.747 8.747 0 0 1 3.13-2.16 10.153 10.153 0 0 1 3.88-.74 6.933 6.933 0 0 1 4.59 1.27 4.113 4.113 0 0 1 1.48 3.28 4.07 4.07 0 0 1-.79 2.56 5.72 5.72 0 0 1-2.26 1.7 12.997 12.997 0 0 1-3.53.93 34.003 34.003 0 0 1-4.61.29h.02Zm4.85-6.85a3.418 3.418 0 0 0-1.66.4 4.906 4.906 0 0 0-1.3 1.06 6.625 6.625 0 0 0-1 1.47 9.098 9.098 0 0 0-.6 1.59 15.84 15.84 0 0 0 4.89-.73 2.155 2.155 0 0 0 1.64-2.1 1.517 1.517 0 0 0-.53-1.25 2.198 2.198 0 0 0-1.48-.44M264.57 173.4c.45-.505.976-.937 1.56-1.28a3.262 3.262 0 0 1 1.66-.49 2.117 2.117 0 0 1 2 1.34l2.09 4.52 4.41-5.51a1.134 1.134 0 0 1 .88-.47 5.606 5.606 0 0 1 1.91.54c1.2.48 1.46 1.08.78 1.8l-6.22 6.57c.83 1.48 1.49 2.66 2 3.53.51.87.9 1.54 1.2 2 .199.356.434.691.7 1l.48.47c-.465.497-.993.93-1.57 1.29a3.108 3.108 0 0 1-1.64.51 2.16 2.16 0 0 1-2-1.34l-2.26-5.05-4.73 6a1.117 1.117 0 0 1-.9.46 5.875 5.875 0 0 1-1.89-.57c-1.2-.467-1.46-1.067-.78-1.8l6.46-6.88c-.8-1.41-1.43-2.53-1.9-3.34s-.85-1.43-1.13-1.87a9.244 9.244 0 0 0-.65-.92c-.16-.18-.31-.33-.45-.47M280.54 179.89c.37-1.86.65-3.31.83-4.36.18-1.05.3-1.82.37-2.31a1.574 1.574 0 0 1 .88-1.2 5.547 5.547 0 0 1 2.44-.39c.68 0 1 .29.95.88-.019.24-.059.477-.12.71-.09.35-.19.77-.31 1.25s-.24 1-.38 1.54l-.39 1.52.17.07a13.065 13.065 0 0 1 2.64-4.38 5.002 5.002 0 0 1 3.75-1.59 5.348 5.348 0 0 1 1.93.35 4.125 4.125 0 0 1 1.57 1.13 5.583 5.583 0 0 1 1.06 2 9.88 9.88 0 0 1 .39 3 15.603 15.603 0 0 1-.62 4.49 10.559 10.559 0 0 1-1.78 3.51 8.249 8.249 0 0 1-6.64 3.12 12.477 12.477 0 0 1-1.38-.08c-.45-.06-.85-.13-1.22-.2s-.67-.14-.93-.21l-.53-.14c-.28 1.34-.52 2.47-.71 3.39-.19.92-.33 1.68-.44 2.31-.09.506-.153 1.017-.19 1.53a5.758 5.758 0 0 0 0 1l-1.08.07h-1.68a1.92 1.92 0 0 1-1.34-.33 1.287 1.287 0 0 1-.32-.9c.027-.393.08-.784.16-1.17l.51-2.61c.24-1.18.55-2.74.94-4.68.39-1.94.88-4.39 1.47-7.36v.04Zm5.79 6.07c.862.02 1.707-.24 2.41-.74a6.01 6.01 0 0 0 1.65-1.89 9.299 9.299 0 0 0 .93-2.51c.196-.863.296-1.745.3-2.63a3.737 3.737 0 0 0-.55-2.33 1.845 1.845 0 0 0-1.5-.67c-1.05 0-2.07.73-3 2.19a21.033 21.033 0 0 0-2.47 6.92l-.29 1.41 1.08.16c.487.065.978.095 1.47.09M309.13 175.55a4.258 4.258 0 0 0-2.12.11 4.462 4.462 0 0 0-2 1.3 10.466 10.466 0 0 0-1.71 2.72 19.77 19.77 0 0 0-1.32 4.38l-1 4.91h-4.38c.19-.92.36-1.76.51-2.51.15-.75.3-1.46.44-2.12.14-.66.27-1.29.39-1.91.12-.62.24-1.24.36-1.9.23-1.34.43-2.45.58-3.32.15-.87.28-1.59.39-2.16.11-.57.19-1 .26-1.32.056-.267.126-.531.21-.79a1.496 1.496 0 0 1 .83-1 5.521 5.521 0 0 1 2.21-.32c.286-.027.573.047.81.21a.652.652 0 0 1 .25.53 5.118 5.118 0 0 1-.05.58c-.04.253-.1.587-.18 1-.08.39-.21.87-.37 1.45s-.37 1.27-.6 2.1l.14.07a12.608 12.608 0 0 1 2.82-4.44 4.392 4.392 0 0 1 2.86-1.47 1.265 1.265 0 0 1 .92.32c.075.079.13.175.16.28.021.183.021.367 0 .55-.013.336-.049.67-.11 1-.07.44-.19 1-.35 1.75M313.14 181.66a4.303 4.303 0 0 0 .51 3.07 3.002 3.002 0 0 0 2.52.95c1.012.005 2.02-.119 3-.37.76-.185 1.508-.416 2.24-.69.106.295.196.595.27.9.073.295.113.596.12.9a1.356 1.356 0 0 1-.42 1.1 5.372 5.372 0 0 1-2 1.16 10.989 10.989 0 0 1-3.78.53 11.213 11.213 0 0 1-2.86-.35 6 6 0 0 1-2.26-1.15 5.327 5.327 0 0 1-1.48-2.06 8.008 8.008 0 0 1-.53-3.07 13.463 13.463 0 0 1 .74-4.61 9.936 9.936 0 0 1 2.07-3.44 8.799 8.799 0 0 1 3.12-2.16 10.207 10.207 0 0 1 3.89-.74 6.933 6.933 0 0 1 4.59 1.27 4.15 4.15 0 0 1 1.48 3.28 4.074 4.074 0 0 1-.8 2.56 5.653 5.653 0 0 1-2.26 1.7c-1.126.476-2.315.79-3.53.93a33.856 33.856 0 0 1-4.6.29h-.03Zm4.9-6.85a3.405 3.405 0 0 0-1.66.4 5.136 5.136 0 0 0-1.31 1.06 7.01 7.01 0 0 0-1 1.47 9.098 9.098 0 0 0-.6 1.59 15.9 15.9 0 0 0 4.89-.73 2.167 2.167 0 0 0 1.64-2.1 1.542 1.542 0 0 0-.53-1.25 2.221 2.221 0 0 0-1.48-.44M332.15 174.91a2.491 2.491 0 0 0-1.66.48 1.601 1.601 0 0 0-.57 1.29 1.429 1.429 0 0 0 .43 1c.319.328.678.614 1.07.85.44.27.9.55 1.4.83.501.277.968.613 1.39 1 .445.414.811.905 1.08 1.45.293.625.437 1.31.42 2a5.012 5.012 0 0 1-.51 2.33 4.805 4.805 0 0 1-1.41 1.66 6.392 6.392 0 0 1-2.1 1 9.983 9.983 0 0 1-2.54.31 11.877 11.877 0 0 1-3.62-.46 4.563 4.563 0 0 1-1.89-.95 1.066 1.066 0 0 1-.23-.9 4.912 4.912 0 0 1 .72-1.75c.5.14 1.19.31 2.07.5.852.18 1.719.274 2.59.28a3.202 3.202 0 0 0 1.84-.49 1.71 1.71 0 0 0 .71-1.49 1.571 1.571 0 0 0-.45-1.13 6.55 6.55 0 0 0-1.07-.88c-.43-.28-.9-.57-1.41-.85a7.133 7.133 0 0 1-1.42-1 5.354 5.354 0 0 1-1.07-1.4 4.094 4.094 0 0 1-.44-2c-.025-.8.158-1.592.53-2.3a4.771 4.771 0 0 1 1.39-1.57 5.943 5.943 0 0 1 2-.9 9.962 9.962 0 0 1 2.42-.28 8.908 8.908 0 0 1 3.32.51c.587.205 1.135.51 1.62.9a1.128 1.128 0 0 1 .24 1.17 3.995 3.995 0 0 1-.85 1.57 7.469 7.469 0 0 0-.76-.23l-1-.25c-.36-.08-.74-.15-1.13-.21a7.364 7.364 0 0 0-1.11-.09ZM344.92 174.91a2.51 2.51 0 0 0-1.66.48 1.625 1.625 0 0 0-.56 1.29c.005.375.156.733.42 1 .32.33.683.616 1.08.85.43.27.9.55 1.39.83.505.277.974.612 1.4 1 .438.417.8.908 1.07 1.45.301.623.449 1.308.43 2a5.012 5.012 0 0 1-.51 2.33 4.927 4.927 0 0 1-1.42 1.66 6.392 6.392 0 0 1-2.1 1 9.983 9.983 0 0 1-2.54.31 11.908 11.908 0 0 1-3.62-.46 4.611 4.611 0 0 1-1.89-.95 1.116 1.116 0 0 1-.23-.9 4.779 4.779 0 0 1 .73-1.75c.49.14 1.18.31 2.06.5.855.18 1.726.274 2.6.28a3.188 3.188 0 0 0 1.83-.49 1.718 1.718 0 0 0 .71-1.49 1.601 1.601 0 0 0-.44-1.13 6.667 6.667 0 0 0-1.08-.88c-.42-.28-.89-.57-1.41-.85a6.774 6.774 0 0 1-1.41-1 5.166 5.166 0 0 1-1.08-1.4 4.211 4.211 0 0 1-.44-2c-.025-.8.157-1.592.53-2.3a4.869 4.869 0 0 1 1.39-1.57 5.924 5.924 0 0 1 2-.9 9.98 9.98 0 0 1 2.41-.28 8.868 8.868 0 0 1 3.32.51 5.397 5.397 0 0 1 1.63.9 1.127 1.127 0 0 1 .24 1.08 3.856 3.856 0 0 1-.84 1.57 7.469 7.469 0 0 0-.76-.23l-1-.25c-.36-.08-.74-.15-1.13-.21a7.112 7.112 0 0 0-1.11-.09M174.34 129.3a27.59 27.59 0 1 0 0 13.52H162.7a16.55 16.55 0 1 1 0-13.52h11.64Z"
                            fill="#fff"></path>
                          <path
                            d="M221 136.06a16.556 16.556 0 0 1-10.216 15.307 16.564 16.564 0 0 1-18.05-3.584 16.558 16.558 0 0 1 2.505-25.481 16.55 16.55 0 0 1 9.201-2.792A16.547 16.547 0 0 1 221 136.06Zm11 0a27.586 27.586 0 0 0-17.032-25.49 27.594 27.594 0 0 0-30.067 5.981A27.59 27.59 0 1 0 232 136.06M235.59 92l-.01 70.3h12.09V92h-12.08ZM277.47 118.4a14.868 14.868 0 0 1 14.3 10.8h-28.59a14.86 14.86 0 0 1 14.29-10.8Zm26.1 20.15c.07-.9.11-1.82.11-2.76 0-20.43-15.48-27.32-26.21-27.32-10.72 0-26.24 6.89-26.21 27.32 0 16.94 12.28 27.86 26.21 27.86a25.85 25.85 0 0 0 24.94-18.8h-11.87a14.745 14.745 0 0 1-13.07 8.32c-7.3 0-13.84-5.64-15-14.63h41.09l.01.01ZM327.67 163.52c-13.95 0-21.95-6.73-21.95-18.44v-.24h10.92v.28c.48 6.24 4.4 9.28 12 9.28 6.32 0 10.24-2.58 10.24-6.73 0-3.52-2.67-4.84-7.92-6.15l-7.71-1.95c-5.74-1.41-9.57-3.07-12.06-5.23-2.73-2.37-4-5.41-4-9.59a14.528 14.528 0 0 1 5.32-11.66c3.56-2.9 8.7-4.43 14.86-4.43 6.39 0 11.75 1.58 15.5 4.58a14.931 14.931 0 0 1 5.67 12.1v.09h-10.82v-.09c-.29-5-4-7.71-10.73-7.71-5.29 0-8.58 2.09-8.58 5.46 0 3.75 3.26 5.24 8.51 6.44l6.53 1.46c10.74 2.5 16.56 5.67 16.56 15.31a15.42 15.42 0 0 1-5.82 12.65c-3.85 3-9.56 4.62-16.51 4.62"
                            fill="#fff"></path>
                        </svg></a></li>
                    <li><a href="https://www.coles.com.au/about/our-businesses/coles-local" aria-label="Coles Local"
                        data-testid="Coles Local" class="sc-ec673d14-9 lmLfiB coles-targeting-FooterColesBrandLinks"
                        target="" rel="noreferrer"><svg focusable="false" xmlns="http://www.w3.org/2000/svg"
                          width="100%" height="100%" viewBox="0 0 470 282" fill="none">
                          <path fill="#000" d="M0 0h470v282H0z"></path>
                          <path
                            d="M130.25 193.18v-82.59h-14v83h14v-.41ZM353.64 193.18v-82.59h-14v83h14v-.41ZM234.05 195.7A31.88 31.88 0 0 0 265 171.57h-13.51a19.176 19.176 0 0 1-21.51 10.95 19.179 19.179 0 0 1-10.915-30.828 19.179 19.179 0 0 1 32.425 4.258H265a31.899 31.899 0 0 0-8.845-15.19 31.908 31.908 0 0 0-53.828 19.748A31.914 31.914 0 0 0 234.08 195.7M166.22 144.59a19.126 19.126 0 0 1 17.698 11.772 19.128 19.128 0 0 1-24.942 25.047 19.135 19.135 0 0 1-11.846-17.649 19.107 19.107 0 0 1 5.572-13.542 19.124 19.124 0 0 1 13.518-5.628Zm0 51.11a31.95 31.95 0 1 0-31.87-32v.08a31.938 31.938 0 0 0 31.87 31.94M319.72 132.44v8a26.393 26.393 0 0 0-19.17-8.52 31.909 31.909 0 0 0-22.573 9.389 31.905 31.905 0 0 0-9.297 22.611c0 17.66 14.44 31.94 31.32 31.94a26.259 26.259 0 0 0 19.72-8.86v6.62h13.72v-61.18h-13.72Zm-19.17 50.48A18.911 18.911 0 0 1 281.7 164v-.23c0-10.57 8.28-19.8 18.85-19.8 10.57 0 19.17 7.65 19.17 19.48a19.459 19.459 0 0 1-19.17 19.48v-.01Z"
                            fill="#fff"></path>
                          <path
                            d="M241.55 123.21v-37h-6.23v37.15h6.23v-.15ZM189.72 123.37a14.347 14.347 0 0 0 8.799-3.023 14.347 14.347 0 0 0 5.091-7.787h-6a8.597 8.597 0 0 1-3.953 4.163 8.593 8.593 0 0 1-10.586-2.251 8.6 8.6 0 1 1 14.539-8.912h6a14.279 14.279 0 0 0-26.11-3.815 14.282 14.282 0 0 0-1.58 10.815 14.184 14.184 0 0 0 13.8 10.81M219.15 100.49a8.594 8.594 0 0 1 7.937 5.291 8.594 8.594 0 0 1-6.211 11.734 8.595 8.595 0 0 1-8.838-3.589 8.608 8.608 0 0 1-1.488-4.756 8.631 8.631 0 0 1 2.496-6.127 8.606 8.606 0 0 1 2.798-1.885 8.609 8.609 0 0 1 3.306-.668Zm0 22.88a14.323 14.323 0 0 0 14.093-17.071 14.314 14.314 0 0 0-11.214-11.285A14.32 14.32 0 0 0 204.87 109a14.286 14.286 0 0 0 4.157 10.146 14.297 14.297 0 0 0 10.123 4.214M249.51 105.46a7.698 7.698 0 0 1 7.42-5.6 7.68 7.68 0 0 1 7.41 5.6h-14.83Zm20.91 4.89c0-.47.08-.94.08-1.42 0-10.57-8.05-14.12-13.57-14.12s-13.57 3.55-13.57 14.12c0 8.76 6.39 14.44 13.57 14.44a13.43 13.43 0 0 0 12.94-9.78h-6.16a7.722 7.722 0 0 1-6.78 4.34c-3.79 0-7.18-2.92-7.73-7.58h21.22ZM282.88 123.29c3.63 0 6.55-.79 8.52-2.37a8.056 8.056 0 0 0 3-6.54c0-5-3-6.63-8.6-8l-3.39-.79c-2.68-.63-4.42-1.42-4.42-3.31 0-1.89 1.66-2.84 4.42-2.84 3.47 0 5.44 1.42 5.52 4v.08h5.6v-.08a7.79 7.79 0 0 0-2.92-6.31 12.66 12.66 0 0 0-8.05-2.37 12 12 0 0 0-7.73 2.29 7.53 7.53 0 0 0-2.76 6.08 6.233 6.233 0 0 0 2.05 5c1.27 1.1 3.24 2 6.24 2.68l4 1c2.68.71 4.1 1.34 4.1 3.16 0 2.13-2.05 3.47-5.28 3.47-3.95 0-6-1.58-6.24-4.81v-.16h-5.68v.16c.24 6.07 4.34 9.54 11.6 9.62"
                            fill="#E01A22"></path>
                        </svg></a></li>
                    <li><a href="https://www.liquorland.com.au/" aria-label="Liquorland" data-testid="Coles Liquorland"
                        class="sc-ec673d14-9 lmLfiB coles-targeting-FooterColesBrandLinks" target="_blank"
                        rel="noreferrer"><svg focusable="false" xmlns="http://www.w3.org/2000/svg" width="100%"
                          height="100%" viewBox="0 0 470 282" fill="none">
                          <path d="M470 0H0v282h470V0Z" fill="#202020"></path>
                          <path
                            d="M208.176 127.684c-.99 0-2.77.149-4.9 2.208-2.534 2.406-3.687 6.926-3.687 10.108 0 10.914 6.371 14.444 9.457 14.444 7.078 0 8.947-8.277 8.947-12.654 0-9.259-6.101-14.102-9.373-14.102l-.192-.002c-.077-.002-.161-.002-.252-.002Zm.615-2.684c3.236 0 6.761.417 10.608 3.439 2.23 1.76 5.969 5.79 5.969 13.01 0 3.365-1.129 6.662-3.264 9.536-2.3 2.867-5.894 6.147-13.398 6.147-2.109 0-6.237-.366-10.195-2.82-3.196-1.937-6.425-6.693-6.425-12.948 0-2.713.701-6.794 4.041-10.829 3.063-3.724 7.206-5.535 12.664-5.535Zm-85.179 29.443c7.076 0 8.946-8.276 8.946-12.653 0-9.259-6.102-14.102-9.372-14.102l-.192-.002a19.339 19.339 0 0 0-.254-.002c-.99 0-2.77.149-4.898 2.209-2.535 2.405-3.688 6.926-3.688 10.108 0 10.912 6.372 14.442 9.458 14.442Zm31.379 6.135c.16-.07.459-.199.735.103l.444.411c.204.209.166.536.022.751-1.768 2.63-4.442 4.388-7.735 5.083-.839.178-1.784.264-2.809.264-6.769 0-17.005-3.779-23.274-10.08-2.386-.108-5.893-.688-9.297-2.799-3.197-1.936-6.426-6.692-6.426-12.947 0-2.713.701-6.794 4.041-10.828 3.064-3.725 7.206-5.536 12.664-5.536 3.237 0 6.761.417 10.609 3.439 2.23 1.76 5.969 5.791 5.969 13.01 0 3.365-1.129 6.662-3.264 9.536-2.479 3.09-5.196 4.861-8.715 5.658 5.832 2.856 11.732 4.538 17.121 4.872 4.564.283 7.806-.023 9.915-.937Zm26.889-35.067c-.115 0-.315.011-.599.026-.683.039-1.825.102-3.45.102-2.066 0-3.672-.066-4.547-.102l-.026-.001c-.349-.016-.59-.025-.711-.025-.425 0-.64.216-.64.641v1.107c0 .596.401.684.64.684h1.364c.567 0 1.099.681 1.24 1.592.175 1.01.591 5.649.591 9.187v6.562c0 2.864-.889 5.177-2.575 6.694-1.044.967-3.24 1.784-4.796 1.784-2.06 0-3.859-.803-5.056-2.255-1.008-1.282-1.258-3.354-1.291-4.87l-.003-.099c-.139-4.46-.209-7.462-.209-8.924v-2.812c0-2.229.042-5.06.083-5.505.062-.625.601-1.354 1.917-1.354h1.449c.46 0 .684-.209.684-.64v-1.108c0-.474-.224-.684-.726-.684-.125 0-.36.009-.706.022-.976.037-2.795.106-5.558.106-3.413 0-5.422-.074-6.388-.11l-.071-.002c-.261-.01-.435-.016-.53-.016-.501 0-.726.21-.726.684v1.022c0 .198 0 .726.642.726h2.002c.448 0 .85.14.85 1.831v10.056c0 5.354.143 8.431.917 10.39 1.02 2.719 2.888 4.839 5.129 5.819 1.88.806 4.671 1.093 6.654 1.093 2.894 0 5.871-1.046 7.77-2.728 2.247-1.989 3.47-4.726 3.736-8.369.129-1.677.214-9.156.214-9.741 0-2.977.021-6.603.078-7.006l.016-.083c.088-.471.236-1.262 1.481-1.262h1.321c.223 0 .598-.1.598-.768v-.938c0-.6-.417-.726-.768-.726Zm140.859 5.703c-.183.474-3.295 9.011-4.068 11.23h7.481l-3.074-10.862c-.061-.23-.14-.528-.202-.666-.033.035-.077.115-.137.298Zm16.207 22.985h1.448c.19 0 .632.07.632.718v.809c0 .802-.501.889-.717.889-.229 0-.465-.011-.805-.025-.847-.037-2.423-.103-6.35-.103-2.359 0-3.804.057-4.76.094l-.005.001h-.006c-.471.019-.824.033-1.106.033-.533 0-.803-.3-.803-.889v-.809c0-.648.412-.718.589-.718h1.193c.481 0 .79-.081.918-.241.122-.154.133-.451.034-.882-.367-1.462-1.911-6.537-2.472-8.26h-8.854c-.59 1.59-2.324 6.593-2.324 7.758 0 .607.172 1.625 1.327 1.625h1.49c.699 0 .802.423.802.675v.938c0 .26 0 .803-.717.803-.15 0-.386-.01-.719-.023l-.071-.003c-.94-.038-2.511-.102-5.002-.102-2.154 0-3.268.061-3.933.099-.305.016-.524.029-.71.029-.288 0-.632-.154-.632-.889v-.809c0-.477.212-.718.632-.718h1.108c.959 0 1.865-.597 2.617-1.725.574-.861 3.575-8.208 4.991-11.986.288-.719 3.778-9.972 4.17-11.146l.033-.108c.115-.371.224-.764.037-1.06l-.001-.001c-.053-.07-.144-.189-.904-.225l-.078.002-1.461-.043c-.349 0-.589-.257-.589-.641v-1.15c0-.38.218-.598.598-.598.141 0 .515.013 1.018.032l.063.002c1.026.038 2.537.094 3.717.094.902 0 1.748-.034 2.365-.059l.039-.001c.36-.014.649-.026.836-.026.708 0 1.215.289 1.389.792a281.02 281.02 0 0 0 2.093 6.533c1 2.962 1.992 5.913 2.387 7.243.997 3.38 3.742 11.22 4.32 12.335.707 1.373 1.731 1.736 2.173 1.736Zm-92.309-13.117c5.395 0 6.609-5.209 6.609-7.035 0-1.802-.612-3.624-1.522-4.533-1.471-1.308-3.34-1.777-4.49-1.777-.729 0-1.16.093-1.399.301l-.034.027c-.071.047-.206.227-.32.902l-.207 12.088c.62.027 1.042.027 1.363.027Zm15.502 12.338c.395.428 1.887.779 2.855.779.424 0 .677.252.677.675v1.023c0 .476-.228.718-.677.718-.087 0-.221-.008-.426-.02-.594-.035-1.831-.109-4.302-.109-.86 0-1.875.042-2.858.083l-.047.002-.145.005a86.77 86.77 0 0 1-.984.038l-.12.005-.095-.073c-1.545-1.185-4.707-7.422-4.738-7.485l-.001-.001c-1.025-2.05-2.931-5.862-4.939-5.862h-1.113v1.838c0 2.523.127 7.253.209 7.785.063.647.29 1.378.735 1.378h1.745c.308 0 .676.117.676.675v1.023c0 .665-.441.718-1.016.718l-.066-.004c-.438-.038-1.85-.125-5.513-.125-3.407 0-4.799.074-5.468.109-.227.012-.378.02-.496.02-.675 0-.675-.495-.675-.761v-.98c0-.184 0-.675.547-.675h1.278c1.206 0 1.369-.52 1.369-1.029.085-4.219.085-8.31.085-12.265v-4.131c0-3.152 0-5.872-.042-7.016-.036-1.187-.459-1.807-.857-1.807h-1.705c-.138 0-.589-.046-.589-.633v-1.15c0-.523.32-.632.589-.632.089 0 .227.006.44.016.69.033 2.308.111 5.907.111 1.239 0 2.885-.035 4.36-.068l.148-.003c1.318-.029 2.562-.056 3.371-.056 3.033 0 5.719 1.002 7.766 2.9 1.634 1.498 2.534 3.234 2.534 4.888 0 5.37-3.82 7.845-7.373 8.419 1.062.518 1.7 1.323 2.318 2.105.409.504 1.718 2.58 2.585 3.955l.226.356.001.003c.212.335.37.585.441.692.233.349 2.543 3.601 3.383 4.566Zm-169.296.768h1.747c.415 0 .684.252.684.641v1.194c0 .289-.19.598-.726.598-.135 0-.351-.009-.669-.021l-.014-.001a123.97 123.97 0 0 0-5.581-.106c-3.373 0-5.252.073-6.155.109-.303.011-.503.019-.62.019-.422 0-.684-.262-.684-.683v-1.151c0-.298.212-.599.684-.599h1.235c1.047 0 1.475-.234 1.58-.864.079-.588.208-9.66.208-12.045v-2.983c0-.969-.127-8.675-.169-9.221-.079-.946-.45-1.132-1.064-1.132h-2.046c-.472 0-.683-.299-.683-.597v-1.236c0-.347.269-.599.64-.599.135 0 .384.008.751.022h.013c1.06.037 3.022.106 6.096.106 3.158 0 4.74-.068 5.59-.104h.006c.325-.014.546-.024.711-.024.15 0 .641.053.641.726v1.066c0 .389-.268.64-.683.64h-1.236c-1.362 0-1.362.576-1.362.765 0 .206-.029 2.443-.06 4.812l-.017 1.37v.001c-.027 2.097-.05 3.954-.05 4.172v3.281c0 .2.028 2.508.057 4.915l.008.625c.032 2.533.062 4.924.062 5.113 0 1.106.459 1.191 1.106 1.191Zm-21.36-7.058-.89-.362c-.182-.092-.357-.111-.517-.057-.235.079-.365.29-.464.49-.779 1.92-3.607 6.51-5.552 6.69-2.285.212-4.182.212-6.19.212h-2.106c-.103-2.173-.108-9.724-.108-11.29v-3.665c0-2.07.062-5.823.1-8.085v-.034l.011-.661c.01-.63.017-1.064.017-1.191 0-1.047.085-1.234 1.149-1.234h2.002c.67 0 .769-.428.769-.684v-.979c0-.21 0-.768-.726-.768-.086 0-.24.005-.48.014-.833.035-2.782.113-6.678.113-2.832 0-4.388-.068-5.234-.104l-.035-.002a16.49 16.49 0 0 0-.612-.021c-.425 0-.64.215-.64.641v1.022c0 .713.49.768.64.768h1.577c.672 0 .852.119.936 1.213.043.687.127 5.201.127 7.905v2.386c0 1.666-.052 6.594-.09 10.191l-.009.829a693.007 693.007 0 0 0-.029 2.999c0 .179 0 .723-1.49.723h-1.32c-.426 0-.641.215-.641.64v1.065c0 .339.077.726.683.726.15 0 .372-.008.697-.022.88-.037 2.521-.105 5.61-.105 4.015 0 16.19.043 17.273.126l.296.024.066-.29c.289-1.302 1.929-8.039 2.07-8.424l.02-.075c.043-.251.086-.513-.232-.724Zm342.608-15.55c2.043 2.261 3.363 5.817 3.363 9.06 0 3.501-1.106 7.056-2.956 9.508-2.247 2.982-5.55 4.04-7.695 4.04-1.617 0-2.756-.317-3.126-.873-.479-.699-.665-1.302-.665-2.156-.042-2.597-.085-9.862-.085-10.434V137.7c0-1.469.003-6.389.042-8.037.044-.897.235-1.343.673-1.548.479-.258 1.048-.3 2.223-.3 2.348 0 6.028 1.319 8.226 3.765Zm6.012-2.112c-3.979-3.31-8.39-3.957-14.663-3.957-.44 0-1.516.025-2.7.054l-.314.007c-1.361.033-2.769.067-3.337.067-3.124 0-4.954-.069-5.937-.106l-.117-.004a20.269 20.269 0 0 0-.634-.018c-.61 0-.641.463-.641.555v1.236c0 .24.089.641.683.641h2.131c.659 0 .97.129 1.066.896.081.604.211 6.65.211 7.752v3.196c0 3.457-.175 12.829-.296 13.679-.043.336-.197.722-1.024.722h-2.216c-.472 0-.683.3-.683.598v1.109c0 .599.349.726.64.726.173 0 .44-.011.819-.026l.041-.002c.958-.038 2.546-.101 5.149-.101 1.519 0 4.127.054 6.031.093l.302.006c.858.017 1.505.03 1.72.03 2.494 0 10.081 0 14.357-4.629 3.02-3.294 4.309-6.715 4.309-11.438 0-4.583-1.694-8.416-4.897-11.086Zm-38.955-3.929c.276-.017.473-.028.619-.028.379 0 .768.081.768.684v1.022c0 .674-.425.726-.555.726h-1.194c-.514 0-.829.655-.937 1.945-.285 2.726-.979 12.427-.979 18.081v7.286c0 .524 0 1.749-.981 1.749a2.603 2.603 0 0 1-1.904-.782c-.777-.731-2.934-3.082-5.389-5.987-1.51-1.783-3.103-3.681-4.428-5.259l-.237-.282-.142-.169-.007-.008-.006-.008c-1.175-1.398-2.094-2.493-2.464-2.921-.682-.803-5.797-7.172-7.324-9.226v8.022c0 2.344.17 5.446.295 7.735l.004.072c.063 1.143.113 2.046.128 2.581.103 3.01 1.22 3.416 2.299 3.416h1.065c.454 0 .684.244.684.726v1.023c0 .294-.071.684-.684.684-.136 0-.488-.013-.968-.031a115.62 115.62 0 0 0-4.017-.097c-.837 0-2.329.051-3.419.09l-.285.009c-.485.017-.852.029-.984.029-.555 0-.555-.547-.555-.726v-1.108c0-.364.235-.599.598-.599h1.491c.751 0 1.309-1.458 1.491-3.901.016-.291.383-7.37.383-13.909v-3.835c0-2.499-1.494-4.563-3.329-4.6l-1.072-.043h-.001c-.343 0-.584-.257-.584-.641v-1.15c0-.38.219-.598.599-.598.099 0 .223.007.406.016l.033.002c.632.036 1.946.11 5.355.11.902 0 1.748-.033 2.365-.058.378-.016.68-.027.874-.027.629 0 1.075.2 1.492.668.189.228 8.595 10.511 9.895 12.114.255.309 1.548 1.924 2.959 3.687l.016.02.184.23.555.693.012.015.043.053c1.215 1.519 2.437 3.045 3.079 3.841v-3.125c0-4.008-.048-6.031-.127-7.997-.046-1.812-.262-5.849-.377-6.424-.228-.948-1.157-1.386-1.922-1.386h-1.364c-.273 0-.598-.126-.598-.726v-1.065c0-.574.414-.641.725-.641.135 0 .341.01.636.025.729.036 2.083.103 4.349.103 1.781 0 2.814-.062 3.431-.1Zm-79.74 21.591-.888-.362c-.28-.141-.676-.183-.982.433-.778 1.919-3.606 6.51-5.552 6.69-2.286.212-4.182.212-6.19.212h-2.105c-.103-2.173-.109-9.723-.109-11.29v-3.665c0-2.081.063-5.86.1-8.119l.011-.662c.01-.63.017-1.063.017-1.19 0-1.048.085-1.234 1.149-1.234h2.002c.669 0 .768-.428.768-.684v-.979c0-.21 0-.769-.726-.769a15.2 15.2 0 0 0-.481.016c-.831.034-2.781.112-6.677.112-2.831 0-4.387-.068-5.233-.104l-.035-.002c-.291-.013-.488-.022-.612-.022-.425 0-.641.215-.641.641v1.023c0 .713.491.768.641.768h1.576c.673 0 .853.12.938 1.214.041.684.125 5.197.125 7.903v2.386c0 1.648-.05 6.482-.088 10.068l-.001.125a843.5 843.5 0 0 0-.038 3.826c0 .18 0 .723-1.489.723h-1.321c-.426 0-.641.216-.641.642v1.065c0 .338.077.725.683.725.15 0 .371-.008.697-.022.88-.037 2.52-.105 5.61-.105 4.014 0 16.19.043 17.273.127l.296.023.065-.29c.289-1.302 1.933-8.057 2.068-8.419l.024-.08c.042-.252.085-.513-.234-.724Z"
                            fill="#fff"></path>
                        </svg></a></li>
                    <li><a href="https://www.firstchoiceliquor.com.au/" aria-label="First choice liquor market"
                        data-testid="Coles First Choice"
                        class="sc-ec673d14-9 lmLfiB coles-targeting-FooterColesBrandLinks" target="_blank"
                        rel="noreferrer"><svg focusable="false" xmlns="http://www.w3.org/2000/svg" width="100%"
                          height="100%" viewBox="0 0 470 282" fill="none">
                          <rect width="470" height="282" fill="white"></rect>
                          <rect x="75" y="77" width="319" height="117.406" fill="url(#pattern0)"></rect>
                          <defs>
                            <pattern id="pattern0" patternContentUnits="objectBoundingBox" width="1" height="1">
                              <use xlink:href="#image0_697_18144" transform="scale(0.000568182 0.0015456)"></use>
                            </pattern>
                            <image id="image0_697_18144" width="1760" height="647"
                              xlink:href="data:image/png;base64,iVBORw0KGgoAAAANSUhEUgAAAMgAAABKCAYAAAD+IBtNAAAk8UlEQVR4Ae19B3hcxbn2N3POFkmWLRsXyZK2SchgMM0xJRB6zw8BDKZjCM1AQighpiNCTC4ESCABAqEkdGwIcCnhArnUUEwxgWBcJO2utLbci2yV3T1n5n/nbNGutJJWslaWfffVc7SnTTkz8818bWYYDTHkfdUOY0LrNSSoUNe029iMUDvlkccwhU5DiCRxSLqBODFDCIbb11EeeQxTMBoiJImD6LaU22HO2O9XrJe3lV/c3EZ55DHMMCQEIt+odoRbNl+uEfs1UnR2eQwioftXrKeb8kSSx3DDkLBYxqbWa0AcN2QgDgWHILpsbImM4vxayiOPYYScjiAWWzWu9UbIGzdmF4LdpzN+bV5wz2O4gFOOkJQ5siYOK9TlENxvlnMrCiiPPIYBckIgijii4zfPoXSBPDsweaUhzTnLHiorpDzy2MoYdBZLCeTG5tabYOe4ugeZIxuEGafHV66jq/OCex5bE4NKIPJxj9Mo7ICdg12/BcSRhCB5h53pt+Zlkjy2FgZVi2WMCGPksIhjUABb4mxTCMVqXU555LEVMChN2WKrNm3+FSk7Rw6ATD6kbaCrWJ7dymOIscVCuiKOyMbWW9CMr6dcgdG5Rom8RuYF9zyGGFtMIEbL5tmc05U43WKZoydISQ7G2HVGCbtF/neeSPIYOgyYxVICuYBALmIjR86II0PKd+ob2K15diuPocCAhfStQxwAY78Au6XOZlMeeeQY/R5BlMwhIJCLHAnk2WeE3alvlPmRJI+col8jSIq2KncCeZZgXP5ClDA1lOQdHPPIGbIeQSzigEAOFudWGiZgjMJSsnv1Aowkx+dHkjwGH1kRSMxCHr4ZpznVVg0UGEce1grpyjyR5DHYyIrFihaGfwtKmkXDkDgUJKeZ0XaL2C+iPPIYRPQ6glhGwJbWWs5yw+ev2MjoxfmcPlrCqT3CaDeXoBn7mjR5oiQ+AAU0I3b/yg3yV3kHR6IdXd4jBBP7qnOwodGGxsB/UR79Ro/NUD401dZRHPqlKfntNEjQYJbU46bJpnWMLnzERoE16VkYXSTpztOj9KMaSQOCpDn6qqLb2OV1YdoOUFZWVug0ncVRe3Skg/ORBmMCRtP14XB48+jRo1sWLlwYyRTO5/bezUhepc5Rkm0NwUARDSOMHTu2eFRR0QFCcNPf5H+HlG/qMERGFguWaxZ9PnTZxlbtNxc8Mnj+jJPLJf3mZEMJ1/Twu1o34lBY38roj2/ptFulQaMKBkAkjK6KjGvbJE+hu9g8MmkbRWVZ5Q/sOj8NhXWktMsKO2klSi1h1YaQRqHdsbZjc9viKrf7NcH5XL/f30gWLQx/TJ482Y68P43T4xgXZpXL84KjvfWChatXb6Zhhsyt/4XSo9FLXRuOEv9++eDNqRrh6OwkPlrcc7x1KziF1hKNqqCBoIAzOTsyvWwpzWv+O+UGOnp2e6YHzc3NiigHPHr5Kip2JM12BUmhiGOMuhfrRlI6kxidTEBHMwEXP+KmuNjndj/Q2tHx0MqVK1tpmCPS1rYX8n6YOgdbrOHfcR3FxTvT6tWf0zBDt1Yq544rjZpc8asTKIdoDfcsZBigo8iW9P2MRoNI7m+bO9pFOYCv0nNBoc2+ONPh83j+QAOE2+0+hGn6W2CNLmVx4sgCaGOsCv9+W+hwHEvbAIRpqtpNsoZoCe0UHZ6jXxqByLmT7aa0zWFM7kY5xu6unlnOCSMllY6iLQQrtUnH3X6oqGmQwUmOQaOsyHhIOY4GAIwA023EXsWpJ+W2BP4lGV1qkJyqmUZFGIcU5jQ0p4vx/D08T3QldiZZMW0DaGhq+hwE/Zh1IaUhGN3d0NTwFQ1DpLNYbMMxUoqZQ7Fc1kWHmPR1kNOmjvT7Sj45fqpJZSWD0aGw6RMLwi/j5GkaxqhyVx1CTDyKxp4UpCXJd9B4bm1obPwXdZctluH4AsdfMOrsBB7lVow6J9M2hLqg/+qaiop7IrpuBgKBFTRMkRxB1EoihiluJMUTDgH28giac0qU9nRLGlssaWQBUU2ppBt+YljEM0hgUBffIJ8aM5KGKaomTqwkMm8HMaSOmc8yXT8TxPER9S54y2Aw+L3L6z4Do9rNnPga2oawJBRaNpyJQyE5gphknIru+wfUD7jHSirpx+yMqlJKDk5K5XvkFEEH1ERo+QZOAhzXeLBWJUWDzorubOh2xY78joYhuG4/yZRyH8ZiBQN26q32cPiC5mD2tpz33nvPwM+cSZMmjaA8BhUWgcg3yGG0sJ/3h7MqgA7n19MNmurtn/o6kYRirTbFl2IotMfiaIvEjiIHNFhxwmuPKNVv5rhsGOvGYWxQxPV9M6PP6jit3cysEUkRX/noOLExdi6UDw+yGas3V1dXO0Q4PIVzvgfMkRDiRQE08O0YS1eZJqsLm+EvoIlK64mnTp1qW79+fVniWhpmCfWMQp/Pl1QOwF7RumzZsrWZXqysrJxoQr5gxBKKqpaoaV6K9Adi6JSLFy/elO3LYG/Kpa5bekIZjS6rW7ZsOQ3AFuFyuUbbGfNIqReCyNsiMhJobGxcTzmAqjsWjfqkQSVkY1Jq2pr6+voAHhnZhPeUeEr0UdKHvBag/lujG6KBwIbAht7CWARitpYfD/vTrv3tu6EpShr++otnP9Honn9k1jIftotJ98+MffOb32h03dzM7ykCeHJW1Ho+v56n8SLrWg26+pgYq4bmV7O21XZOtcczUkaNXzCulcbeVf9ZktHUQHCFmsOEJupfnLG76/z+13BbrFq1ymXnWl0yctZzT4LGfgyZIpi4duj6U/g5O9O7dk07DlmoSYn3d01NTfWUO9h29HhOhp3rZpTMJKQd+xDdRj6Xpwky0J/9TcE7qe8Gx6BUOIkz/kuE2Udan21apWljHDKV+2M03z9U+HwvxUe3boDt428YLfeOR/fPhqD/Zz0l5qusnMa5fg1FjWMFsSKr1arEDBNpeVpw/hLa4h1LwW5mCu+prDxK17TrhZAH4JO5yquAbkMbRbJqlOd9MuWd9aHgm5SBneWyFskJcxae2GkbQyusDbMet9FnXYijK2CQ1Gc+rN+HhvFbXJb2HitpoPsDpZAvV7ncSt2dM40FGldSsEYirWC1XqAcAcJ8GRrTK0LS0yirnajLd4HmKzlnc3xuzxepI2BXYNTbFfG8C4qYi/zvSxnLh/1QMv58k9//2ST3JG/GiJAeAu5kHVJmtHgp+czn9j6JDu1DKC1OQb4zeQOMRFwzQTgLlJo89cFEK7x7nsb4a6j7AzHC8W65IDoYNf4q0pmrvBa6Rs5pcgWGx/7JHsMFG9oYLVnRe/tVLNqNL+i0aDnvr/IBbaBPYtoSIONsr8QFGu6XYMcaKTfgOjFlND0mlq7FSq0CVTQpwuySqd3JNP/g8XRXj8OIOcXONKWePYg6FTwm4lmK3wWSsUXUad+wvs+g8OsguB2pn0Bj95LN/jC0c2fh0pGSwY0slt53uAhZ6cfgaGtrc6WELyvQ7X9EJU5POCAASme6AJ3BB+hRP0/5dk1pAQvtzjvGjElX6HCTzL2R6LDV8mwpXv1ao8/rc7YE8YBRUVExERU0OnGNSp8/QNmjT7CYF/a+yuaA8/dxY7rg7EDJ2WFQ8x2LxvJXPG/rfJ8drTN2YGocyj2E6/rdeDgt5fbH6NmP1+y2QyBLHcp17Qgm6HhwMf9LnezKzswUf8lEcL1AQ/pqtD8q5d5GNOJ7pMkP1xz2g0nXDgV/f4hQHgdE/6AUw6MCwl+h8kbxEQ5E8Rbo5BBm0w8+69xzDzE5HSkkPxr33+8MJS8uGTEi7bt18GXHM9Z/LiICzvK5TzX6aHF2kovywzpqt6H3R/vH130SBwRbFiYpSlJ6mpxDk5qSPZIFD574G8ot1D4sc0yN39fQ0LAx5b7qjT+ocnu/RAO5m2KsdgHYp5/i922KN/Rwa/vluHcYS+oT6JlNHe0XdXFtUQJvCKzKh7DqP4CQM+P3D7IJa/G/OykLIC+XSCFOZp0Nc7HO2YzF/sC3lC4nrMJRh3y9WOOpOskmpUUkkDUPwluXUTw8CP7pDiN6YSgUsNRCtbW1ibx+BCXDiTbG/htvHYBr2Gq5Wk/69UQ6IDS2Cw0AJtr6619nz7Ucvqs55ASiiLhxbc/ED770Sqmxl5zCGYmITRD+9F1hjZ6OnuckPE7yo7qub4ZM8kziGg1tF4TdPXOk1ATh88OUO59keo1xMR5k0nlNtJxyCvbE5kj47p5GKWbTnpCR6MyEqh9y2G5o6DvENXpoaXIWxXl4tJzF6MGv7cnvS6Xh9Xpn45v2gnwxRd2DtfycsWPHPrhmzZq+NG2qwn6BdpkonPUGyfPq/YEeOxC8qxrzi0rLRWvWqIr9mVTCfAzBiDRvDoUyL1+rNG5el+tOKGXUyOhA2N09FRV7B0Khz9Rz1WO6aRtGkUNaxsYf7SSobJSkjZBLFkHlOxYWgQ4wFNFebI7QfHxQ5w8EU24pTdXLnjLPHM1Gs9EqLIr2+/0r8XNm4qXqSvf1CJyRQCST8xuCwTOpD6D207Z4EJzn0pNVmkze3hsLV1dX14Ke93UQvkUgaHGji8kxtploTY3Pt79piqpEXFAD/a6uvr6ptwRVmVW7vL9BZ/EcxRp9NdiXQ0Egr/QWzvIqILO68w67JxgMfEpZAN8Q3m+//QpWL19xdGKgAU0/1BgM+HsLp9nt76NzWIiX91SjFjRmSlZLEsg24b/TE5TV/bwDTbJ3YY5U8SiXOEcvTBPeeQTqxr+ih3nd4XCEVAGr+4HmgBI2z6/xeGooRxCMGanMHzPNnGkR8Z3tsFgH+nxPsAZi8YYFVsso4DZ1bprymJTX1nEz+iZlAWnj70EVq9g5ZTdyoDoOxW+vBMKkeZzsHPTXw9zxFPXDjX/V8uX7IZaEwTRCwnilr/Cqc6jyeL7FW3taeYhp+SwM6S63g40xIySdtb/oRhwKqox1dNO+8dKanJUZbE+8uKed+BzYR5ZA1fceBo0XTca+QnvqWBKwCCUnQEe1Lu1a8vG0lQFePpoqjuKaxX9/kLiPlhYqnjBhFYVCfcYHI94ajEpBjEqWYZXHR6de88Bon5QM+Eu93tCivmk7NYIfJCQ763uInw27TN+GRCmrEyKhlCJpFN6mCaTApqzwvXcup+1n0geLuZI3egazepy9wGdD7crO0iR97Cn33BpYFviacgQuZUCmtkbOcjZabSlQLpXJWSlSrv7yyy+jWQYVoCjF3ljsKBrsRIoJXj0zvlK6k4ZYRo09GRp7DM6kmyXyyphyXLq236YslpRfBr42r/oG5Yc1tji7Y4SDtgoOgmxy1g/75fyoevITNJ3ehS79UMoR7CNGKHknRTUp91SqVBqWYJ0+Xoxl7c6iYAqzpTMo6VD32noNwDpd9tHQB+KyUkJbiBTt2cBHECc+84/nRGiab3jP8lSLP8z+fwbVlElrmm8I7JbMLsslMK49DSPXQVCLLqFBhppLDou0mgNhLayAOjkYhkI1Sa2Jhhug60ieS9mvro5zrZPo0b0XFhX2pcpMdhqyiyIjG7DU0UnKOqbxq4UQ/RqFMEom1eDbNIuVLZQscsreJh29m0kvzte/u/MNPQD7z1SKGep6q/BSCM8/oZx5Ast3UB37xi/GyYh5OH4fp2EGsEYrQMC++OX4U8AmzaMs5/srN5LODnlDT4tMdElrh/iVsoyrwFn3wnixc6UDxkRrR8c7W2KAHX4m5kGG8tMy4lVZDFvuzAPNb5c0+I+D5XdnFOehkvHrUKA9qgGVDw/lCOipoAKVSU9fWBmumTBhwrBafUQB1vZvk+eMlX1VVbVDNuF8o32jMIRMSlxjAOnbGMp4Uu4DiwWOzNOvqd+c84Upl6VOp3NAMzyT8dF2jltf0unKp200vyEmqMP20aKsXtBSbagPBj9uCDT8FyTJu6jnXipn/lgG5/XI0Uspt3Ye4XRu9XWPu8GkdxOnKKRSGY1OySYYHyX2gEU8NrdeublI9mFfYdBpvJ2aFhPiR9QPmOFwahojKSoOpy3Adk8gypr+9n84XfiITuf9xUY3v6CPq3K5psad0rTq8vIKFnMzyKjqQI/UL/61P1CqZKiVHyTL3SUGEPEV1S7X2dRP1JR5dvK5fAdQDsAcuvJ1SrApGmnaJX2NdMr3Sgp5ftIiztjqsDD+SX3A5JadJJEWREh+jXf8+KxHkYbly5egIhuSedfYz9xj3WU0QGz3BJJAGFb1T+s4Pf+ZdiKG8S9GF4/cCCHZkLpNCcWn9xQOOvH/UA5RFwx+BTZP7XViCa9oUIW4frTK7b2xoqIiGyHVhsY4UzjYfNjLc6IqVoY0dOdzE9dMyOmFTufpvYXhsTLtfEfS26FQqI76gBrZUQhPJdNiNI0XFP6eUv1yMkARUekOO+zNrD5G/jkZnmgPvYjd01d4BeXu7i0rS/MsSUw96b+34v8BWCuGMHqJcgyweQ/v6HLvDOu6mjSk6gI6Qnmbnevn+Co9DwrNysMGaLksAddmszkwso3igk5QcyFg/N5dksxtHQpjDmm6kscsYZ0TewBEXEYdbQ/Vr1y5Kv4Wc7lcJTrnlyNPv0o4f4LoVwuN3ZR1Uoxuh1Fxf5wm/ARP93k85YYQ148YMeLzhKB/8MEH64sWLRpdVFBwAgk522xrVY6G88Om+ahDs0G5IvePhz8NxsIKIfgNmkP7LOExEQcHcY0jp/MozvgNYLeVQ+WjiYc6yGMVsdyugbWtAsLpK+tbWj6i3MNsF+Zsp2aLoqFfRnHNGnrPHVE39+iSbkMvtqjQZl8vY2r6MWgQO8YNnJ35Rd9OOUJ9KFRf5fH8Gu1FrfulbA2KiGvJ4Ty1yuX+WMJmwZgcg+f74tg1JWgHMnYZVOVZz3Xx+/1Br9d7HUaqh0D1FnukJrFB7f52x+bWL6tcnoUQ+KNNgeC4IodzH5RFQttlASPVuhqX61qT8ScpuYwSO4Bz+ZaMGl+Bxf63JL4RkSoVdCUnNf1aVsXjSOtodHB5Degqt1sCGQ9JI7Su38HQmdOHHYZx4bp161poCKC8TdEjzm70+79jjF+LOklOMorPpJuqKCZFhUkpzwVYmg+kXeuTx98CyL2mTXtqwfz5hiD2u3jDxUBieYPvknSCT21ejG0Qwvy53984j/oJEMlrkKnOllz+CYL7JIp1DIrlVHLWAVZJpBu0pKZpSY/dJY2NH1W73WeAcBW7NSWWOavj2Q89337J/JK1xFIiGAYvSlMJczLle7Qd45Hzo3TXGVHat1qQPTvv/AVS0GXt0eh01RPREEK5VTQEg485Cgv2ZWpFfUnfpiwMlwnt6Fnfgpx0WoXXc0R9Hx62W4p58+aZkJmelpwdjUb1LNpXR6b31Ew9NV+EhHm4v7HxKRoYZENjwz91u+1wfOMduF7Z26tIdTYULy+n3kVePxHtbUcifG189mFGgPBgCJWfQst2qsvrnZv2LPpM6UEQX5TBqpvRMALBtmF1D5GSWjSBaIRzYJZ0tfrI6h6cFpQHrndcLN6N7Yyae1h3QlnJd5wgKZv5XtBmma9+pc28fh7fCMWKBw2vHB8xiiuRk2gdeqNlsEP8W49Gly5atkwRRo8fVjm2cqJerGfUr+umuWlpY2MDDQJgxR+lhYXX0MQUzjQX8jyCc8uHcD3YiiahswWo3BVdJkBZqKmpGRuNRsvVOd4ReOfbvtIrLy/fwW63VyTCtLS0BHqav6HmXkQikSo7aVMlE2radhHCtAppBiTnn6vpw70Z6NQ0XHyINecGv+FAL46htbW1/MmHHy4Xur4H2KGdZdydBGWx2hTiP9xmW1RZWdnck9+WKjAoMkq55LsyLnfBiDQWedVxezMeNkEV/B8Stqb6lfWruoZl8pVJxWa4BT3Vtj0vJAus6LCJ3YtPWrmK8sgjS3D2k8WbhKCXaTsHhs8388SRR39h2UFsNnoC7EYzbb/oCMvofZRHHv1EzFB4UvMCmYUbwLYKqB/fKVx82b8pjzz6iaR4K58r391g5heZhPVtHGr9wANtM5o/Cs+dMEWX7ECTZDuEvY2QuzaBelqhU++QQoQlFx2OiL2D7CYMSYUwRkVwhCJsxra7U9XWhtqtjOZZHTF0iBU4wjgMbVN7oV5cYPJWMrUiU/J26BgZCc1pEzwsJIcSgjNh46Tj3EAcvNMQqowXylJoF0xGlCUPv2pqluRRyw7kwF8EVkG7Cgvtb1T5c0dhbtVwDa2MitvS7UIRQZIbMio77EV8E5msjXyhTewHne79afqf6Lyye5DQlbQdARqMx+2nrfip2vskTGsvQRkdoVT6KJzS5NKbfUNZ1FWdGKgKQ1pLc0oDmhC13qZVKVCFoUYH6JHA+u/yIy3lXd/WcxmzmGTxHuu2b6pUe6kmp9pazoaqo4AdRBoUM0qaamELtYmJanYoGxkzZHJhlS0C4JfHoldeO/H4mPXHpZB23LAhGKxVbCTFXdvxL6jSiBWK5culorbj/kgZm7yFZOQmXG8WkoWhfdyI2KFyZkqLpeoEcdLImOFUWnNOWWxOix0ZtMFgGK8za3crzoWVhwLkdCTCrkG4F3C9AtquL9NGC1MaD3Cmn8S2H43WCskjd1ln6wukVqKVoFB/GJuIo+wLscLPIh4NBWf5RXXqftMnXqmKH/DUsQHvV5odPWYbfbf3WJfvTc6ETU+XdU6RTZrekq+kvJq28GeMkkh2fckiBvKoNGSXzKQWtyIo5KeYxeOixGoTCiAA60pa9Kqp1Xjj9W2qCVV4is4NBkEcGJia1cLluF6Onm+RxuTXhuDNpi2yqbBdtKblTNYSN3cuVYsbP4Xc9z41criDWasIXqjPWPHXxC31fTR5h7KocI7FZQHTTCf6mELcLRImCIAzpybJid7LLgTDSM7s6G1s6GlsnEnozaXN8i+SyodN6dGlzhTxwEiB3kaPjQRq+IaGnqnh3eo9WfzXqtXEQgid+YxVJXWurG5VpDVCwUyFvEQQeLNkqEgRWxgtJUw8DtXBi9T2pFyzktdWP54wF/OUc9kZj6apndFEIk8iEUviXa4TjOLK9sBUSrF7iEsYIu15LFomNDwz1Xtml/i4kIqXMhPpW/di6aDhCt06N6W1Mrq6ZyKsFs+HavY2XFt/eEeLf6cKo8YOHk8HYXQ7E1GmNq/iduTMJk0NI4yIRAwRLbLb2smmr6F/B1pYbe8r2nfrglY8MaFojF37EwwqM/vBggw7oE3M1b5fcXpfBZBHHr0hIwHIl0pKzIjzH7JzOug2BvaJrvGZ7OTQUsojjy1ARuGQnbhhg6Hp54B6ArTNQTYL05g1hMTBlYvG5HHjcrq7U3Vp6bjhOB13e0evLJR8paLa6DCVfSSX2wAMJtbqUj+YndbU4ySn0aNHjxozctRXQopZ/sbGt3uLzOd2H4sieqQhGJjY9Zm169TqtWp67JkQ8IosmU2KEGSMmxsaG5OLHyfgdbuvRm90WH0wmLZVc2wWoPkcC3fslTKvIvYMeaXiUVdAmL0AzDZYd6VtESEWlT+rX25t7pmGKpfnIrz3e7wXm+fOLU3UWqinausCgV5XNEzPk/spxOFqi4aP7upPpfYHsWv6G6ZpXBNoano+U3g1m1AT8lXljl/p9fyoJx8pb0XFBVzT70VJxfPLlCjVDBGrFuWUtqGN1+udQIb5CV45uz62sam1/0eBzf4m3noHeb0uNa8+l+cWxPZzUltMpwCqxmcaAoHZievqSu/xkon7rYuYtkFNEd5E8YWwe1Uvsp+E6iB7Ho8MfE/DH2hc0MD1QhydkGrCUZ++vVCsq3cyzupbt2bNTSjOc9Bgb3Qwmgod5DQIp3Ohqrmvyu0+uuv70HhC6cG6bQEgNUtSdppCpNWFIkAaWXI7NDBnQOKfFTaiUyD67guh9E0oKp9yuVxTu8UFRQLquBk/h1iHrh+DunsZRPIM3vdRtmAQbBntX+h0XqomJSVuqxEMOtLZKJhKlE2P9jJmmtPQ2JUbvC+4NNjj4ujQV+j49tWd+dWOQb28Cdb+fk9Z2aT0dy3lhpNLadVbRUVFtdNmfxWKixfDwri2KyGjLNRK7YvsunZo6mFKmb6PvUN7L/FM4+zHZBEH3Zy416dR0H5a0+dtz5Sfb9OEinhvGo6QtAQGwNPY6U0LaAgQ8wylX5kmHRUINb6f8ugOn9c7DorEG9Gw3u7vqoCpWL9q/e5QV06HZv/UpaGGRBprEe9NTf6AG5SgRq/p3QJKGa5rqktu44b3F4f8wV+ioidTylztvoDm+CW+45zA0sA7uLRWGhnpLDoa6iO16U+vPm2Ma7MQwetKawed3zkg9mt7WY0xLb+nnHLKrxd8/sUs025X+c3o4Vvtcu0iGH8RI8S8vfbd+1blhp85ahn5vsHfK6ttTScmsub8qCm3hTZ7BKPwsu8bAla4rAxUhWcs+0Q36ceg9nnoWYaTVVnpGJ81TDqSnb58SIhDgUuuVlxcN22/aV1nG0oRjWIUYVOCwWA5bQmYOAINbJGhx1YZT8AiOqY9gZHi0Gqq7nMRt1BDwySwk4WC89XUD0Af/RbUuG9omlDb0JGntNQDPe4voeStpS5sSyrUYhgYWfdnpnwalsW/oEhOXLd83cRs0/3y00/3FALaXiEy5hffcQRG6ucxyjxy9nnn3dIzcVhwqo1SE4fq2CiLuempyNqthJ3RvAaN8dTosxN/ChWwmrc7hrYqZAsa6g180fIH7EOsykXPpRp/IFPlcLu9WW2eosWWuwnSQMFYhVooOhDwh7s90ygEvb+MuqNjkEKakynCuNUegvGrYhTMFBDa/YFA4DPqJzoM4067Znu/2u0+Hw3ycLBqX9c3Bv+O+HtcSK9k5MifqhUN60JBNerpkIs2Q3JSLOdDmd5H3ipS84s7eyCd3/ibmrpPdbZkBHY9vvG5MWPH3FtbW9tXve9n59qyxAXiba12Ve9T11j3HWWJfrk4KHOk/fTlj+qC7YHzv+FGv9ZpHSS0QZCba2hiT+205X/aGnYOzqzeWE057a7kiNAoxVwzSp9tx8gyc2Wy3LNMlQBeezXiGTd58uTuBlvDGKc2vohEIt0mSuH2eqnxOTF3CbYj4pgOgfdyGgDUjEqN6VAQsLutvTNs2i3Ui2HekpskXYFcjK7yeJ/DAYMzDKyMLqEe2hoi26jyixNlVtgZQvj+DY2B2ozpKMu4pEtQjtPWr1rzoJVe73i3ZOwO9sTh8npKQBwLqR8Y0LI/YGeaFrHRF8FgeQYy/D84hmLeNoQw+brJ5AzbqBHnFJy8alBm7Q0EMAN/gZ9KX6UvKSi7J0zweitcZ5FuLVTWuKGtLW36K4gqBMFxXE1ZTdqqhFyteM7YZm4Up2tbmHwfHebkjpaWSV2SVz4fajnUbzLO2JOipaGh4Z26oP/PMDA/gjiuznL5oIxYGlj6GYjtSUR8RX19fa+yx9q1a/dX/lJo5E+gJav9Cz/GFz6G8OVQXBzcQ7BNKr+VPs89KItnMCTfNq4XlTmX5iKp8zMZ5/tAi3hnX6pvJfskjrhM2C/HngGvi7XrjIUR5ykrXwu1O04gLk5ENwjVIK2hwQZjGxDvy/g9QWf6Kc4ZK15nx9aFaQvBhFDrSTlTD8rOL4vqm+oXophfZMz8rRIYVTib01nKNV5rLXcj2W2rV69O2zFK2vhn6CFLTHv43ESlqp1YEc/Pcf/DhvXp02bDpvkpQn3INP0OX1mZtXurmuaq9idHw7sAQ1Rf81tM7nDcg6w5HEy7jrYA9qKC6+r8/v/p6z008PNRgM8tDQTubYgf9UH/XaDot9D3z+otrGq8Bmc3ofxqRhYUXNrbuyCozzGazUQZnDTC7ry1J4JCXnjXOk7VymWDLV44znteoMM2Y+X/at9dPFOLRHcDoZyFnL2iDHY0MDc8FWYZ/v8dveh5eoRN+Ts74GTbjOVvsxmhdhokSKY9Bl390tSjoKAgW8FaQO9+HoaF5WCQPvC5Pd+Cq/obxfY15IYhu60GD21Jvabxi3B68QhHwQLw5vN1Yp+rPQ3Be3VbM0qtcmK2tV6FRrCC2exfIo2vpWF+gwZ0K+PsAjTYF/vK5JIlS5ZJYV4OFueqao/nYBogFi5cuDm+D2CPcJe5d8ZI8WMzGrm320ND/gkd3IFVE6sqe4sDctIKbhqnosO4tqqPrSdQnl+ZjA5CHUwvLiy8w9qfsAuQ4QO71nGoIdCvpV1z4mslZS2nJx8cG7VxF2lyVxTujtBq+FBRHiSp9p8bHXOHtnYarceJH/YEP9P4EhE1v7NpRoic9vXs+MHfFhlqRG3B/Pm7c6F102YIB/8mdVExsCZjnJrmUasfZopL9UbozSapjaw0qYWlnX8vTfMAqGAXLvH7M07QqpowYbxps01mNttIW4SCokDzx1WNGWGpHgsLfSIS8UlNU3uEB9S6UZnexcg0Hu+W+dPTZpMqvFOgNdi0OBj0UxbYCV2txLizePHijO9DaN+rwzQDqau+7LTTTjsY7e1ulJXSJqYRk7XowmNP7mm2rK0PbNiQXIKjtLR0XLHTWY4R5+v0/FZMgQ2nZVH6tnEaDIu7RKRcBiQX/K6pqCknZkzcZLR/l8pyKsOizWCurnk3bLQBdZZR9avy+dTjj++BplGfWAjj/wPZykCO0N5b/QAAAABJRU5ErkJggg==">
                            </image>
                          </defs>
                        </svg></a></li>
                    <li><a href="https://www.vintagecellars.com.au/"
                        aria-label="Vintage cellars Australia's fine wine specialist since 1951"
                        data-testid="Coles Vintage Cellars"
                        class="sc-ec673d14-9 lmLfiB coles-targeting-FooterColesBrandLinks" target="_blank"
                        rel="noreferrer"><svg focusable="false" xmlns="http://www.w3.org/2000/svg" width="100%"
                          height="100%" viewBox="0 0 470 282" fill="none">
                          <path fill="#000" d="M0 0h470v282H0z"></path>
                          <path
                            d="M165.098 97.427h5.638v34.754h-5.638V97.427ZM235.696 132.181h-5.638v-29.913h-9.178v-4.841h24.004v4.841h-9.188v29.913ZM316.319 114.37c.05 1.412.101 2.481.101 3.258 0 9.864-5.931 15.451-16.046 15.451-5.678 0-10.086-1.644-13.454-5.043a18.483 18.483 0 0 1-5.103-13.171 17.68 17.68 0 0 1 5.294-13.112 18.732 18.732 0 0 1 13.263-5.103 16.036 16.036 0 0 1 13.111 6.052l-4.135 3.116a11.09 11.09 0 0 0-8.896-4.034c-7.432 0-12.778 5.204-12.778 13.02s5.295 13.222 12.829 13.222c6.515 0 10.398-3.258 10.398-8.411v-.484h-8.331v-4.761h13.747ZM325.002 97.427h19.395v4.841H330.64v8.673h13.757v4.952H330.64v11.235h13.757v5.043h-19.395V97.427ZM208.385 97.427v24.104a44.691 44.691 0 0 0-3.793-4.226l-20.655-19.878h-1.381v34.754h5.204v-24.205a27.398 27.398 0 0 0 3.348 3.883l21.089 20.272h1.412V97.427h-5.224ZM262.563 97.427l-16.136 34.754h5.93l4.034-8.946h13.706l3.934 8.946h5.98l-16.136-34.754h-1.312Zm-4.135 21.098 3.55-7.927a25.95 25.95 0 0 0 1.261-3.933 33.57 33.57 0 0 0 1.321 3.933l3.54 7.927h-9.672ZM152.794 86l-14.584 35.914L123.627 86H117l18.033 43.741 3.177 7.664 1.019-2.45 2.158-5.214L159.42 86h-6.626ZM168.436 155.852h19.394v4.811h-13.756v8.703h13.756v4.962h-13.756v11.225h13.756v5.043h-19.394v-34.744ZM197.926 155.852h5.638v29.701h12.637v5.043h-18.275v-34.744ZM225.368 155.852h5.598v29.701h12.637v5.043h-18.235v-34.744ZM295.15 190.606h-5.295v-34.754h7.866c3.742 0 6.515.292 8.654 1.946a9.526 9.526 0 0 1 3.358 7.635c0 5.587-2.723 8.744-7.978 9.379l11.962 15.794h-6.364l-11.568-15.552h-.635v15.552Zm1.371-19.929c4.952 0 7.433-.585 7.433-4.76s-2.39-5.154-7.433-5.154h-1.008v9.965l1.008-.051ZM323.227 181.57c.827 3.106 3.157 4.76 6.707 4.76s5.497-2.017 5.497-5.154c0-3.398-2.582-4.226-6.173-5.98-6.172-3.026-9.581-5.346-9.581-10.59 0-5.587 4.135-9.531 10.449-9.531 5.153 0 8.704 2.088 10.015 5.739l-4.418 2.279c-1.361-2.138-2.965-3.157-5.153-3.157-3.026 0-4.962 1.755-4.962 4.377 0 3.349 2.723 4.378 6.616 6.173 6.121 2.814 8.986 5.295 8.986 10.307 0 6.465-4.327 10.741-11.518 10.741-5.93 0-9.813-2.824-10.983-7.877l4.518-2.087ZM351.87 156.608a3.857 3.857 0 0 1 1.13 2.763 3.835 3.835 0 0 1-1.16 2.804 3.95 3.95 0 0 1-5.583-.035 3.949 3.949 0 0 1 .036-5.582 3.755 3.755 0 0 1 2.753-1.13 3.923 3.923 0 0 1 2.824 1.18Zm-5.164.363a3.429 3.429 0 0 0-1.008 2.4 3.39 3.39 0 0 0 3.267 3.409 3.423 3.423 0 0 0 2.441-1.008c.317-.3.57-.661.744-1.061.173-.401.263-.833.265-1.269a3.373 3.373 0 0 0-.966-2.418 3.367 3.367 0 0 0-2.403-1.001 3.214 3.214 0 0 0-2.34.948Zm2.441.121c1.24 0 1.866.424 1.866 1.2a1.183 1.183 0 0 1-1.009 1.231l1.009 2.017h-1.009l-.877-1.846h-.686v1.846h-.948v-4.428l1.654-.02Zm-.757 2.017h.626c.696 0 1.008-.191 1.008-.676 0-.484-.343-.706-1.069-.706h-.575l.01 1.382ZM265.811 155.852h-1.271l-16.136 34.754h5.92l4.034-8.946h13.756l3.944 8.946h5.97l-16.217-34.754Zm-5.396 21.099 3.54-7.928a26.958 26.958 0 0 0 1.271-3.933c.352 1.338.79 2.652 1.311 3.933l3.55 7.928h-9.672ZM156.515 187.117a23.553 23.553 0 0 1-11.275 2.803 17.375 17.375 0 0 1-14.917-7.665 20.458 20.458 0 0 1-3.439-11.658c0-11.548 7.887-19.606 19.162-19.606a23.202 23.202 0 0 1 10.631 2.561l3.691-4.034a26.314 26.314 0 0 0-14.675-4.387 25.458 25.458 0 0 0-18.305 7.221 24.885 24.885 0 0 0-7.352 18.154 25.22 25.22 0 0 0 7.282 18.154c4.74 4.669 11.144 7.15 18.517 7.15a24.932 24.932 0 0 0 14.654-4.286v-.05l-3.974-4.357Z"
                            fill="#fff"></path>
                        </svg></a></li>
                    <li><a href="https://www.coles.com.au/insurance" aria-label="Coles Insurance"
                        data-testid="Coles Insurance" class="sc-ec673d14-9 lmLfiB coles-targeting-FooterColesBrandLinks"
                        target="" rel="noreferrer"><svg focusable="false" xmlns="http://www.w3.org/2000/svg"
                          width="100%" height="100%" viewBox="0 0 470 282" fill="none">
                          <path fill="#E01A22" d="M0 0h470v282H0z"></path>
                          <path
                            d="m193.204 142.655-3.434-.776c-2.761-.636-4.472-1.427-4.472-3.415 0-1.786 1.729-2.896 4.511-2.896 3.537 0 5.487 1.413 5.64 4.089l.003.049h5.688v-.052c0-2.625-1.03-4.844-2.979-6.415-1.974-1.589-4.79-2.429-8.146-2.429-3.241 0-5.942.813-7.812 2.352-1.832 1.508-2.8 3.645-2.8 6.181 0 2.214.669 3.832 2.106 5.088 1.308 1.144 3.322 2.024 6.34 2.772l4.051 1.035c2.761.697 4.165 1.391 4.165 3.26 0 2.202-2.064 3.568-5.384 3.568-3.991 0-6.054-1.608-6.306-4.919l-.003-.12h-5.738v.124c0 6.212 4.204 9.777 11.535 9.777 3.655 0 6.658-.847 8.683-2.45 2-1.58 3.057-3.899 3.057-6.704 0-5.112-3.059-6.797-8.705-8.119Zm-21.908-.928c-1.264-4.209-4.868-5.721-7.513-5.722h-.003c-2.645.001-6.248 1.513-7.514 5.722h15.03Zm6.264 3.499c.001.496-.02.985-.059 1.46h-5.838v-.004H155.9c.607 4.767 4.041 7.76 7.882 7.759 2.838 0 5.453-1.638 6.869-4.414h6.241c-1.834 6.192-7.192 9.975-13.109 9.971h-.003c-7.322.005-13.793-5.791-13.776-14.772-.016-10.836 8.141-14.487 13.776-14.49h.003c5.637.003 13.792 3.654 13.777 14.49Zm-35.796-23.224-.004 37.282 6.357.001-.001-37.285-6.352.002Zm-7.685 23.367c0-4.85-3.896-8.779-8.702-8.779-4.805 0-8.703 3.929-8.703 8.779 0 4.846 3.898 8.777 8.703 8.777 4.806 0 8.702-3.931 8.702-8.777Zm5.802 0c0 8.081-6.493 14.631-14.504 14.631-8.01 0-14.505-6.55-14.505-14.631s6.495-14.631 14.505-14.631c8.011 0 14.504 6.55 14.504 14.631Zm-53.08.001c0 4.847 3.897 8.777 8.704 8.777 3.54 0 6.583-2.134 7.942-5.193h6.121C107.983 155.3 102.289 160 95.505 160 87.495 160 81 153.448 81 145.37c0-8.082 6.494-14.632 14.505-14.632 6.784 0 12.478 4.698 14.063 11.046h-6.121c-1.359-3.061-4.402-5.195-7.942-5.195-4.807 0-8.703 3.93-8.703 8.781ZM218.502 159.508h-2.775V131.5h2.775v28.008ZM241.811 159.508h-2.625v-11.544c0-2.271-.6-4.05-1.8-5.337-1.2-1.312-2.725-1.968-4.575-1.968-1.95 0-3.512.669-4.687 2.006-1.15 1.338-1.725 3.041-1.725 5.11v11.733h-2.625v-20.703h2.625v2.649h.075a6.591 6.591 0 0 1 2.625-2.346c1.125-.556 2.35-.833 3.675-.833 2.799 0 4.999.883 6.599 2.649 1.625 1.767 2.438 4.113 2.438 7.04v11.544ZM257.161 143.914h-2.625c-.075-.984-.4-1.766-.975-2.346-.55-.606-1.25-.909-2.1-.909-.875 0-1.612.303-2.212.909-.6.58-.9 1.312-.9 2.195 0 1.489 1.187 2.624 3.562 3.406 2.35.783 3.925 1.678 4.725 2.688.825 1.009 1.237 2.321 1.237 3.936 0 1.892-.587 3.406-1.762 4.542-1.15 1.11-2.713 1.665-4.687 1.665-1.8 0-3.3-.593-4.5-1.779-1.2-1.186-1.8-2.75-1.8-4.693v-.152h2.625c.025 1.363.362 2.41 1.012 3.142.65.732 1.538 1.098 2.663 1.098 1.199 0 2.137-.316 2.812-.947.675-.656 1.012-1.577 1.012-2.763 0-.958-.3-1.741-.9-2.346-.6-.631-1.512-1.174-2.737-1.628-2.125-.782-3.637-1.552-4.537-2.308-.9-.783-1.35-1.981-1.35-3.596 0-1.665.55-3.041 1.65-4.126 1.1-1.085 2.5-1.627 4.2-1.627 1.549 0 2.862.542 3.937 1.627 1.1 1.06 1.65 2.397 1.65 4.012ZM279.049 159.508h-2.475v-3.217h-.075a6.256 6.256 0 0 1-2.588 2.763c-1.125.631-2.437.946-3.937.946-1.15 0-2.238-.164-3.262-.492a9.26 9.26 0 0 1-2.813-1.514c-.875-.706-1.562-1.678-2.062-2.914-.5-1.262-.75-2.738-.75-4.429v-11.846h2.625v11.544c0 4.844 2.087 7.267 6.262 7.267 1.85 0 3.387-.644 4.612-1.931 1.225-1.312 1.838-3.154 1.838-5.526v-11.354h2.625v20.703ZM286.638 159.508h-2.625v-20.703h2.625v2.99h.075c.475-1.11 1.15-1.943 2.025-2.498.9-.581 2.15-.921 3.75-1.022v2.801h-.038c-1.849.176-3.287.832-4.312 1.968-1 1.11-1.5 2.523-1.5 4.239v12.225ZM316.141 159.508h-2.625v-3.633h-.075a8.93 8.93 0 0 1-3.374 3.027c-1.4.732-2.938 1.098-4.613 1.098-3.1 0-5.712-1.047-7.837-3.141-2.125-2.095-3.187-4.681-3.187-7.759 0-3.079 1.075-5.652 3.225-7.722 2.149-2.069 4.749-3.103 7.799-3.103 1.7 0 3.25.366 4.65 1.098a8.53 8.53 0 0 1 3.337 3.065h.075v-3.633h2.625v20.703Zm-10.687-1.892c2.275 0 4.213-.821 5.813-2.461 1.599-1.665 2.399-3.658 2.399-5.98 0-2.321-.8-4.314-2.399-5.98-1.6-1.69-3.55-2.536-5.85-2.536-2.375 0-4.363.82-5.963 2.461-1.599 1.614-2.399 3.646-2.399 6.093 0 2.397.8 4.403 2.399 6.018 1.6 1.59 3.6 2.385 6 2.385ZM338.926 159.508h-2.625v-11.544c0-2.271-.6-4.05-1.8-5.337-1.2-1.312-2.725-1.968-4.575-1.968-1.95 0-3.512.669-4.687 2.006-1.15 1.338-1.725 3.041-1.725 5.11v11.733h-2.625v-20.703h2.625v2.649h.075a6.591 6.591 0 0 1 2.625-2.346c1.125-.556 2.35-.833 3.675-.833 2.8 0 5 .883 6.6 2.649 1.625 1.767 2.437 4.113 2.437 7.04v11.544ZM361.213 153.414h2.888c-2.2 4.391-5.6 6.586-10.2 6.586-3.1 0-5.712-1.035-7.837-3.104-2.125-2.094-3.187-4.743-3.187-7.948 0-2.851 1.075-5.336 3.224-7.456 2.175-2.145 4.775-3.217 7.8-3.217 2.275 0 4.337.605 6.187 1.817 1.85 1.211 3.188 2.864 4.013 4.958h-2.888c-.75-1.413-1.775-2.498-3.075-3.255a8.004 8.004 0 0 0-4.162-1.136c-2.35 0-4.35.82-6 2.461-1.65 1.64-2.475 3.633-2.475 5.98 0 2.397.813 4.415 2.438 6.055 1.65 1.64 3.662 2.461 6.037 2.461 1.575 0 2.988-.354 4.237-1.06 1.275-.732 2.275-1.779 3-3.142ZM388.417 150.122h-18.674c.1 2.043.95 3.81 2.55 5.298 1.6 1.464 3.4 2.196 5.399 2.196a7.986 7.986 0 0 0 4.463-1.325c1.375-.883 2.337-2.069 2.887-3.558h2.775c-.775 2.195-2.1 3.962-3.975 5.299-1.85 1.312-3.887 1.968-6.112 1.968-2.925 0-5.437-1.047-7.537-3.141-2.1-2.12-3.15-4.681-3.15-7.684 0-3.002 1.05-5.563 3.15-7.683 2.125-2.145 4.625-3.217 7.499-3.217 3 0 5.538 1.11 7.613 3.331 2.1 2.22 3.15 4.794 3.15 7.721 0 .075-.013.214-.038.416v.379Zm-18.674-2.385h16.012c-.375-2.094-1.313-3.797-2.813-5.11-1.475-1.312-3.225-1.968-5.25-1.968-1.949 0-3.674.656-5.174 1.968-1.5 1.313-2.425 3.016-2.775 5.11Z"
                            fill="#fff"></path>
                        </svg></a></li>
                    <li><a href="https://www.coles.com.au/credit-cards" aria-label="Coles Credit Cards"
                        data-testid="Coles Credit Cards"
                        class="sc-ec673d14-9 lmLfiB coles-targeting-FooterColesBrandLinks" target=""
                        rel="noreferrer"><svg focusable="false" xmlns="http://www.w3.org/2000/svg" width="100%"
                          height="100%" viewBox="0 0 470 282" fill="none">
                          <path fill="#E01A22" d="M0 0h470v282H0z"></path>
                          <path
                            d="m167.204 142.655-3.434-.776c-2.761-.636-4.472-1.427-4.472-3.415 0-1.786 1.729-2.896 4.511-2.896 3.537 0 5.487 1.413 5.64 4.089l.003.049h5.688v-.052c0-2.625-1.03-4.844-2.979-6.415-1.974-1.589-4.79-2.429-8.146-2.429-3.241 0-5.942.813-7.812 2.352-1.832 1.508-2.8 3.645-2.8 6.181 0 2.214.669 3.832 2.106 5.088 1.308 1.144 3.322 2.024 6.34 2.772l4.051 1.035c2.761.697 4.165 1.391 4.165 3.26 0 2.202-2.064 3.568-5.384 3.568-3.991 0-6.054-1.608-6.306-4.919l-.003-.12h-5.738v.124c0 6.212 4.204 9.777 11.535 9.777 3.655 0 6.658-.847 8.683-2.45 2-1.58 3.057-3.899 3.057-6.704 0-5.112-3.059-6.797-8.705-8.119Zm-21.908-.928c-1.264-4.209-4.868-5.721-7.513-5.722h-.003c-2.645.001-6.248 1.513-7.514 5.722h15.03Zm6.264 3.499c.001.496-.02.985-.059 1.46h-5.838v-.004H129.9c.607 4.767 4.041 7.76 7.882 7.759 2.838 0 5.453-1.638 6.869-4.414h6.241c-1.834 6.192-7.192 9.975-13.109 9.971h-.003c-7.322.005-13.793-5.791-13.776-14.772-.016-10.836 8.141-14.487 13.776-14.49h.003c5.637.003 13.792 3.654 13.777 14.49Zm-35.796-23.224-.004 37.282 6.357.001-.001-37.285-6.352.002Zm-7.685 23.367c0-4.85-3.896-8.779-8.702-8.779-4.805 0-8.703 3.929-8.703 8.779 0 4.846 3.898 8.777 8.703 8.777 4.806 0 8.702-3.931 8.702-8.777Zm5.802 0c0 8.081-6.493 14.631-14.504 14.631-8.01 0-14.505-6.55-14.505-14.631s6.495-14.631 14.505-14.631c8.011 0 14.504 6.55 14.504 14.631Zm-53.08.001c0 4.847 3.897 8.777 8.704 8.777 3.54 0 6.583-2.134 7.942-5.193h6.12C81.984 155.3 76.29 160 69.506 160 61.495 160 55 153.448 55 145.37c0-8.082 6.494-14.632 14.505-14.632 6.784 0 12.478 4.698 14.063 11.046h-6.12c-1.36-3.061-4.403-5.195-7.943-5.195-4.807 0-8.703 3.93-8.703 8.781ZM213.687 152.288h3.083c-1.337 2.409-3.133 4.297-5.386 5.663-2.254 1.366-4.681 2.049-7.281 2.049-3.937 0-7.318-1.378-10.141-4.135-2.823-2.757-4.235-6.123-4.235-10.096 0-4.024 1.387-7.402 4.161-10.134 2.798-2.757 6.191-4.135 10.178-4.135 2.6 0 5.077.695 7.429 2.086 2.353 1.366 4.074 3.179 5.164 5.439h-3.083c-1.041-1.564-2.427-2.794-4.161-3.688-1.709-.894-3.504-1.341-5.386-1.341-3.071 0-5.77 1.18-8.098 3.539-2.303 2.335-3.455 5.092-3.455 8.271 0 3.104 1.164 5.836 3.492 8.196 2.328 2.335 5.027 3.502 8.098 3.502 3.814 0 7.021-1.739 9.621-5.216ZM223.363 159.516h-2.6v-20.379h2.6v2.943h.074c.471-1.092 1.139-1.912 2.006-2.458.892-.572 2.13-.907 3.715-1.006v2.757h-.037c-1.833.173-3.257.819-4.272 1.937-.991 1.093-1.486 2.483-1.486 4.172v12.034ZM252.106 150.276h-18.499c.099 2.012.941 3.751 2.526 5.216 1.585 1.441 3.368 2.161 5.349 2.161a7.95 7.95 0 0 0 4.421-1.304c1.362-.869 2.315-2.037 2.86-3.502h2.749c-.768 2.161-2.08 3.899-3.938 5.216-1.832 1.291-3.851 1.937-6.055 1.937-2.897 0-5.386-1.031-7.466-3.092-2.08-2.086-3.12-4.607-3.12-7.563 0-2.955 1.04-5.476 3.12-7.563 2.105-2.111 4.581-3.166 7.429-3.166 2.972 0 5.486 1.092 7.541 3.278 2.08 2.186 3.12 4.719 3.12 7.6 0 .075-.012.211-.037.41v.372Zm-18.499-2.347h15.862c-.372-2.061-1.3-3.737-2.786-5.029-1.461-1.292-3.195-1.937-5.201-1.937-1.931 0-3.64.645-5.126 1.937-1.486 1.292-2.402 2.968-2.749 5.029ZM276.638 159.516h-2.601v-3.577h-.074a8.93 8.93 0 0 1-3.417 3.018c-1.387.695-2.886 1.043-4.495 1.043-3.071 0-5.659-1.031-7.764-3.092-2.105-2.062-3.157-4.607-3.157-7.637 0-3.03 1.065-5.564 3.194-7.6 2.13-2.037 4.706-3.055 7.727-3.055a9.76 9.76 0 0 1 4.495 1.08 8.762 8.762 0 0 1 3.417 2.943h.074v-10.692h2.601v27.569Zm-10.587-1.863c2.253 0 4.173-.807 5.758-2.422 1.584-1.614 2.377-3.576 2.377-5.886s-.793-4.284-2.377-5.923c-1.561-1.64-3.492-2.459-5.795-2.459-2.378 0-4.359.807-5.944 2.421-1.56 1.59-2.34 3.589-2.34 5.998 0 2.335.78 4.297 2.34 5.887 1.585 1.589 3.579 2.384 5.981 2.384ZM284.125 136.641h-2.6v-4.694h2.6v4.694Zm0 22.875h-2.6v-20.379h2.6v20.379ZM293.939 159.516h-2.6v-18.032h-4.272v-2.347h4.272v-7.19h2.6v7.19h4.867v2.347h-4.867v18.032ZM334.994 152.288h3.083c-1.337 2.409-3.132 4.297-5.386 5.663-2.253 1.366-4.68 2.049-7.281 2.049-3.937 0-7.317-1.378-10.141-4.135-2.823-2.757-4.234-6.123-4.234-10.096 0-4.024 1.386-7.402 4.16-10.134 2.798-2.757 6.191-4.135 10.178-4.135 2.601 0 5.077.695 7.43 2.086 2.352 1.366 4.073 3.179 5.163 5.439h-3.083c-1.04-1.564-2.427-2.794-4.161-3.688-1.708-.894-3.504-1.341-5.386-1.341-3.071 0-5.77 1.18-8.098 3.539-2.303 2.335-3.454 5.092-3.454 8.271 0 3.104 1.163 5.836 3.491 8.196 2.328 2.335 5.027 3.502 8.098 3.502 3.814 0 7.021-1.739 9.621-5.216ZM362.723 159.516h-2.6v-3.577h-.074a8.826 8.826 0 0 1-3.343 2.981c-1.387.72-2.91 1.08-4.569 1.08-3.071 0-5.659-1.031-7.764-3.092-2.105-2.062-3.157-4.607-3.157-7.637 0-3.03 1.064-5.564 3.194-7.6 2.13-2.037 4.705-3.055 7.727-3.055 1.684 0 3.219.36 4.606 1.08a8.43 8.43 0 0 1 3.306 3.018h.074v-3.577h2.6v20.379Zm-10.586-1.863c2.253 0 4.172-.807 5.757-2.422 1.585-1.639 2.378-3.601 2.378-5.886s-.793-4.247-2.378-5.886c-1.585-1.664-3.516-2.496-5.794-2.496-2.353 0-4.322.807-5.907 2.421-1.585 1.59-2.377 3.589-2.377 5.998 0 2.36.792 4.334 2.377 5.924 1.585 1.565 3.566 2.347 5.944 2.347ZM370.027 159.516h-2.6v-20.379h2.6v2.943h.074c.471-1.092 1.14-1.912 2.006-2.458.892-.572 2.13-.907 3.715-1.006v2.757h-.037c-1.833.173-3.257.819-4.272 1.937-.991 1.093-1.486 2.483-1.486 4.172v12.034ZM399.142 159.516h-2.6v-3.577h-.074a8.926 8.926 0 0 1-3.418 3.018c-1.387.695-2.885 1.043-4.495 1.043-3.071 0-5.658-1.031-7.763-3.092-2.105-2.062-3.158-4.607-3.158-7.637 0-3.03 1.065-5.564 3.195-7.6 2.129-2.037 4.705-3.055 7.726-3.055a9.76 9.76 0 0 1 4.495 1.08 8.758 8.758 0 0 1 3.418 2.943h.074v-10.692h2.6v27.569Zm-10.587-1.863c2.254 0 4.173-.807 5.758-2.422 1.585-1.614 2.377-3.576 2.377-5.886s-.792-4.284-2.377-5.923c-1.56-1.64-3.492-2.459-5.795-2.459-2.377 0-4.358.807-5.943 2.421-1.561 1.59-2.341 3.589-2.341 5.998 0 2.335.78 4.297 2.341 5.887 1.585 1.589 3.578 2.384 5.98 2.384ZM414.431 144.167h-2.601c-.074-.969-.396-1.739-.966-2.31-.544-.596-1.238-.894-2.08-.894-.866 0-1.597.298-2.191.894-.595.571-.892 1.291-.892 2.161 0 1.465 1.176 2.583 3.529 3.353 2.328.77 3.888 1.651 4.681 2.645.817.993 1.225 2.285 1.225 3.874 0 1.863-.582 3.353-1.746 4.471-1.139 1.093-2.686 1.639-4.643 1.639-1.783 0-3.269-.584-4.457-1.751-1.189-1.167-1.784-2.707-1.784-4.62v-.149h2.601c.025 1.342.359 2.372 1.003 3.093.644.72 1.523 1.08 2.637 1.08 1.189 0 2.118-.311 2.786-.931.669-.646 1.003-1.553 1.003-2.72 0-.944-.297-1.714-.891-2.31-.595-.621-1.499-1.155-2.712-1.602-2.105-.77-3.603-1.527-4.495-2.272-.891-.77-1.337-1.95-1.337-3.54 0-1.639.545-2.992 1.634-4.06 1.09-1.068 2.477-1.602 4.161-1.602 1.535 0 2.835.534 3.9 1.602 1.09 1.043 1.635 2.359 1.635 3.949Z"
                            fill="#fff"></path>
                        </svg></a></li>
                    <li><a href="https://www.coles.com.au/personal-loans" aria-label="Coles Personal Loans"
                        data-testid="Coles Personal Loans"
                        class="sc-ec673d14-9 lmLfiB coles-targeting-FooterColesBrandLinks" target=""
                        rel="noreferrer"><svg focusable="false" xmlns="http://www.w3.org/2000/svg" width="100%"
                          height="100%" viewBox="0 0 470 282" fill="none">
                          <path fill="#E01A22" d="M0 0h470v282H0z"></path>
                          <path
                            d="m148.185 142.655-3.556-.776c-2.86-.636-4.631-1.427-4.631-3.415 0-1.786 1.791-2.896 4.671-2.896 3.662 0 5.682 1.413 5.84 4.089l.003.049h5.89v-.052c0-2.625-1.067-4.844-3.085-6.415-2.044-1.589-4.96-2.429-8.435-2.429-3.356 0-6.153.813-8.089 2.352-1.897 1.508-2.899 3.645-2.899 6.181 0 2.214.693 3.832 2.181 5.088 1.353 1.144 3.439 2.024 6.565 2.772l4.194 1.035c2.859.697 4.313 1.391 4.313 3.26 0 2.202-2.137 3.568-5.575 3.568-4.133 0-6.269-1.608-6.53-4.919l-.003-.12h-5.942v.124c0 6.212 4.354 9.777 11.944 9.777 3.785 0 6.894-.847 8.992-2.45 2.071-1.58 3.165-3.899 3.165-6.704 0-5.112-3.167-6.797-9.013-8.119Zm-22.686-.928c-1.309-4.209-5.04-5.721-7.779-5.722h-.003c-2.739.001-6.47 1.513-7.781 5.722h15.563Zm6.486 3.499c.002.496-.021.985-.061 1.46h-6.045v-.004h-16.322c.629 4.767 4.185 7.76 8.161 7.759 2.939 0 5.647-1.638 7.114-4.414h6.462c-1.899 6.192-7.447 9.975-13.574 9.971h-.003c-7.583.005-14.283-5.791-14.265-14.772-.017-10.836 8.43-14.487 14.265-14.49h.003c5.837.003 14.281 3.654 14.265 14.49ZM94.92 122.002l-.005 37.282 6.583.001-.002-37.285-6.576.002Zm-7.958 23.367c0-4.85-4.035-8.779-9.01-8.779-4.976 0-9.013 3.929-9.013 8.779 0 4.846 4.037 8.777 9.013 8.777 4.975 0 9.01-3.931 9.01-8.777Zm6.007 0c0 8.081-6.723 14.631-15.017 14.631-8.295 0-15.02-6.55-15.02-14.631s6.725-14.631 15.02-14.631c8.294 0 15.017 6.55 15.017 14.631Zm-54.961.001c0 4.847 4.034 8.777 9.011 8.777 3.666 0 6.817-2.134 8.224-5.193h6.338C59.941 155.3 54.044 160 47.02 160 38.725 160 32 153.448 32 145.37c0-8.082 6.725-14.632 15.02-14.632 7.024 0 12.92 4.698 14.561 11.046h-6.338c-1.407-3.061-4.558-5.195-8.224-5.195-4.977 0-9.011 3.93-9.011 8.781ZM174.409 159.508h-2.902V131.5h8.786c1.909 0 3.57.252 4.982.757 1.412.505 2.484 1.186 3.216 2.044.759.832 1.308 1.728 1.648 2.687.366.934.549 1.918.549 2.952 0 1.01-.183 1.981-.549 2.915-.34.908-.902 1.778-1.687 2.611-.758.833-1.844 1.501-3.256 2.006-1.412.505-3.059.757-4.942.757h-5.845v11.279Zm0-13.815h6.472c2.04 0 3.701-.53 4.982-1.589 1.281-1.085 1.922-2.498 1.922-4.239 0-1.615-.601-2.99-1.804-4.126-1.203-1.135-3.112-1.703-5.727-1.703h-5.845v11.657ZM215.627 150.122h-19.534c.105 2.043.994 3.81 2.667 5.298 1.674 1.464 3.557 2.196 5.649 2.196 1.7 0 3.256-.442 4.668-1.325 1.438-.883 2.445-2.069 3.02-3.558H215c-.811 2.195-2.197 3.962-4.158 5.299-1.935 1.312-4.067 1.968-6.394 1.968-3.06 0-5.688-1.047-7.884-3.141-2.197-2.12-3.295-4.681-3.295-7.684 0-3.002 1.098-5.563 3.295-7.683 2.222-2.145 4.838-3.217 7.845-3.217 3.138 0 5.792 1.11 7.963 3.331 2.196 2.22 3.295 4.794 3.295 7.721 0 .075-.014.214-.04.416v.379Zm-19.534-2.385h16.749c-.392-2.094-1.373-3.797-2.942-5.11-1.542-1.312-3.373-1.968-5.491-1.968-2.04 0-3.844.656-5.413 1.968-1.569 1.313-2.537 3.016-2.903 5.11ZM222.586 159.508h-2.746v-20.703h2.746v2.99h.078c.497-1.11 1.203-1.943 2.118-2.498.942-.581 2.249-.921 3.923-1.022v2.801h-.04c-1.935.176-3.438.832-4.51 1.968-1.046 1.11-1.569 2.523-1.569 4.239v12.225ZM242.621 143.914h-2.746c-.078-.984-.418-1.766-1.019-2.346-.576-.606-1.308-.909-2.197-.909-.915 0-1.687.303-2.314.909-.628.58-.942 1.312-.942 2.195 0 1.489 1.242 2.624 3.727 3.406 2.458.783 4.105 1.678 4.942 2.688.863 1.009 1.294 2.321 1.294 3.936 0 1.892-.614 3.406-1.843 4.542-1.203 1.11-2.837 1.665-4.903 1.665-1.883 0-3.452-.593-4.707-1.779-1.256-1.186-1.883-2.75-1.883-4.693v-.152h2.746c.026 1.363.379 2.41 1.059 3.142.68.732 1.608 1.098 2.785 1.098 1.255 0 2.236-.316 2.942-.947.706-.656 1.059-1.577 1.059-2.763 0-.958-.314-1.741-.942-2.346-.627-.631-1.582-1.174-2.863-1.628-2.223-.782-3.805-1.552-4.746-2.308-.942-.783-1.413-1.981-1.413-3.596 0-1.665.576-3.041 1.726-4.126 1.151-1.085 2.615-1.627 4.394-1.627 1.621 0 2.994.542 4.118 1.627 1.151 1.06 1.726 2.397 1.726 4.012ZM265.007 156.821c-2.223 2.119-4.851 3.179-7.884 3.179-3.034 0-5.662-1.06-7.885-3.179-2.196-2.145-3.295-4.656-3.295-7.532 0-3.028 1.099-5.614 3.295-7.759 2.197-2.17 4.825-3.255 7.885-3.255 3.085 0 5.727 1.085 7.923 3.255 2.223 2.145 3.334 4.68 3.334 7.607 0 2.978-1.124 5.539-3.373 7.684Zm-7.845.795c2.406 0 4.419-.833 6.041-2.498 1.621-1.691 2.432-3.722 2.432-6.094 0-2.271-.837-4.227-2.511-5.867-1.647-1.665-3.648-2.498-6.001-2.498-2.328 0-4.315.846-5.963 2.536-1.647 1.691-2.471 3.709-2.471 6.056 0 2.271.824 4.239 2.471 5.904 1.674 1.64 3.675 2.461 6.002 2.461ZM291.416 159.508h-2.745v-11.544c0-2.271-.628-4.05-1.883-5.337-1.255-1.312-2.851-1.968-4.786-1.968-2.039 0-3.674.669-4.903 2.006-1.203 1.338-1.804 3.041-1.804 5.11v11.733h-2.746v-20.703h2.746v2.649h.078c.68-1.009 1.595-1.791 2.746-2.346 1.177-.556 2.458-.833 3.844-.833 2.929 0 5.23.883 6.904 2.649 1.7 1.767 2.549 4.113 2.549 7.04v11.544ZM318.3 159.508h-2.746v-3.633h-.079c-.889 1.286-2.065 2.296-3.53 3.027-1.464.732-3.072 1.098-4.825 1.098-3.242 0-5.975-1.047-8.198-3.141-2.222-2.095-3.334-4.681-3.334-7.759 0-3.079 1.125-5.652 3.374-7.722 2.248-2.069 4.968-3.103 8.158-3.103 1.779 0 3.4.366 4.864 1.098 1.465.731 2.629 1.753 3.491 3.065h.079v-3.633h2.746v20.703Zm-11.18-1.892c2.38 0 4.407-.821 6.08-2.461 1.674-1.665 2.511-3.658 2.511-5.98 0-2.321-.837-4.314-2.511-5.98-1.673-1.69-3.713-2.536-6.119-2.536-2.484 0-4.563.82-6.237 2.461-1.673 1.614-2.51 3.646-2.51 6.093 0 2.397.837 4.403 2.51 6.018 1.674 1.59 3.766 2.385 6.276 2.385ZM326.012 159.508h-2.746V131.5h2.746v28.008ZM344.744 159.508h-2.746V131.5h2.746v28.008ZM368.012 156.821c-2.223 2.119-4.851 3.179-7.884 3.179-3.034 0-5.662-1.06-7.884-3.179-2.197-2.145-3.295-4.656-3.295-7.532 0-3.028 1.098-5.614 3.295-7.759 2.196-2.17 4.824-3.255 7.884-3.255 3.086 0 5.727 1.085 7.923 3.255 2.223 2.145 3.335 4.68 3.335 7.607 0 2.978-1.125 5.539-3.374 7.684Zm-7.845.795c2.406 0 4.42-.833 6.041-2.498 1.621-1.691 2.432-3.722 2.432-6.094 0-2.271-.837-4.227-2.511-5.867-1.647-1.665-3.648-2.498-6.001-2.498-2.328 0-4.315.846-5.962 2.536-1.648 1.691-2.472 3.709-2.472 6.056 0 2.271.824 4.239 2.472 5.904 1.673 1.64 3.674 2.461 6.001 2.461ZM397.364 159.508h-2.746v-3.633h-.079c-.889 1.286-2.066 2.296-3.53 3.027-1.464.732-3.073 1.098-4.825 1.098-3.242 0-5.975-1.047-8.198-3.141-2.223-2.095-3.334-4.681-3.334-7.759 0-3.079 1.125-5.652 3.373-7.722 2.249-2.069 4.969-3.103 8.159-3.103 1.779 0 3.4.366 4.864 1.098 1.465.731 2.628 1.753 3.491 3.065h.079v-3.633h2.746v20.703Zm-11.18-1.892c2.38 0 4.407-.821 6.08-2.461 1.674-1.665 2.511-3.658 2.511-5.98 0-2.321-.837-4.314-2.511-5.98-1.673-1.69-3.713-2.536-6.119-2.536-2.484 0-4.563.82-6.237 2.461-1.673 1.614-2.51 3.646-2.51 6.093 0 2.397.837 4.403 2.51 6.018 1.674 1.59 3.766 2.385 6.276 2.385ZM421.198 159.508h-2.746v-11.544c0-2.271-.628-4.05-1.883-5.337-1.255-1.312-2.85-1.968-4.785-1.968-2.04 0-3.675.669-4.904 2.006-1.203 1.338-1.804 3.041-1.804 5.11v11.733h-2.746v-20.703h2.746v2.649h.078c.68-1.009 1.596-1.791 2.746-2.346 1.177-.556 2.458-.833 3.844-.833 2.929 0 5.23.883 6.904 2.649 1.7 1.767 2.55 4.113 2.55 7.04v11.544ZM437.255 143.914h-2.746c-.079-.984-.418-1.766-1.02-2.346-.575-.606-1.307-.909-2.197-.909-.915 0-1.686.303-2.314.909-.627.58-.941 1.312-.941 2.195 0 1.489 1.242 2.624 3.726 3.406 2.458.783 4.106 1.678 4.943 2.688.862 1.009 1.294 2.321 1.294 3.936 0 1.892-.615 3.406-1.844 4.542-1.203 1.11-2.837 1.665-4.903 1.665-1.883 0-3.452-.593-4.707-1.779s-1.883-2.75-1.883-4.693v-.152h2.746c.026 1.363.379 2.41 1.059 3.142.68.732 1.608 1.098 2.785 1.098 1.255 0 2.236-.316 2.942-.947.706-.656 1.059-1.577 1.059-2.763 0-.958-.314-1.741-.941-2.346-.628-.631-1.582-1.174-2.864-1.628-2.222-.782-3.805-1.552-4.746-2.308-.941-.783-1.412-1.981-1.412-3.596 0-1.665.575-3.041 1.726-4.126 1.15-1.085 2.615-1.627 4.393-1.627 1.621 0 2.994.542 4.119 1.627 1.15 1.06 1.726 2.397 1.726 4.012Z"
                            fill="#fff"></path>
                        </svg></a></li>
                    <li><a href="/about/our-businesses/coles-mobile" aria-label="Coles Mobile"
                        data-testid="Coles Mobile" class="sc-ec673d14-9 lmLfiB coles-targeting-FooterColesBrandLinks"
                        target="" rel="noreferrer"><svg focusable="false" xmlns="http://www.w3.org/2000/svg"
                          width="100%" height="100%" viewBox="0 0 470 282" fill="none">
                          <path fill="#fff" d="M0 0h470v282H0z"></path>
                          <path
                            d="M175.4 108.82a27.122 27.122 0 0 0-46.62-11.315 27.122 27.122 0 0 0 0 35.91 27.125 27.125 0 0 0 35.636 4.43A27.124 27.124 0 0 0 175.4 122.1H164a16.25 16.25 0 1 1 0-13.28h11.4Zm56.66 6.64a27.111 27.111 0 0 0-46.301-19.138 27.115 27.115 0 0 0-5.84 29.56A27.106 27.106 0 0 0 205 142.58a27.096 27.096 0 0 0 25.052-16.741 27.1 27.1 0 0 0 2.058-10.379h-.05Zm-10.8 0a16.255 16.255 0 0 1-10.031 15.029 16.254 16.254 0 0 1-17.723-3.518 16.257 16.257 0 0 1 2.459-25.02A16.263 16.263 0 0 1 205 99.21a16.267 16.267 0 0 1 16.26 16.25M247.47 72.15h-11.91v69.11h11.91V72.15ZM302.37 117.9l.11-2.7c0-20.08-15.21-26.84-25.75-26.84S251 95.12 251 115.2c0 16.64 12.06 27.38 25.75 27.38a25.38 25.38 0 0 0 24.5-18.49h-11.68a14.46 14.46 0 0 1-12.84 8.18c-7.17 0-13.59-5.54-14.72-14.38h40.36v.01Zm-25.64-19.79a14.57 14.57 0 0 1 14 10.63h-28.05a14.59 14.59 0 0 1 14.05-10.63Zm49.33 44.32c6.83 0 12.44-1.56 16.22-4.52a15.188 15.188 0 0 0 5.72-12.43c0-9.47-5.72-12.61-16.28-15l-6.41-1.48c-5.15-1.18-8.37-2.65-8.37-6.33 0-3.31 3.24-5.36 8.44-5.36 6.61 0 10.26 2.62 10.54 7.57v.12h10.63v-.1A14.732 14.732 0 0 0 341 93c-3.68-2.93-8.95-4.5-15.22-4.5-6 0-11.11 1.51-14.6 4.36a14.291 14.291 0 0 0-5.24 11.46c0 4.1 1.24 7.09 3.93 9.42 2.46 2.12 6.22 3.75 11.86 5.14l7.57 1.93c5.16 1.29 7.78 2.57 7.78 6 0 4.07-3.85 6.6-10.05 6.6-7.47 0-11.32-3-11.8-9.11v-.23h-10.75v.24c0 11.5 7.88 18.1 21.58 18.1"
                            fill="#E01A22"></path>
                          <path
                            d="M122.22 170h5v6.13c2.45-4.9 7.86-7.21 12.26-7.21a13.69 13.69 0 0 1 10.6 4.4 20.63 20.63 0 0 1 2.53 4 17.182 17.182 0 0 1 2.81-4.11 14.579 14.579 0 0 1 10.67-4.33c4 0 7.79 1.16 10.46 3.9 3.39 3.39 4.4 7.57 4.4 14.42v21.57h-5.34v-21.35c0-4.11-.65-7.79-2.88-10.32-1.59-2-4-3.24-7.72-3.24a10.136 10.136 0 0 0-8.51 4c-2 2.74-2.31 4.9-2.31 9.3v21.57h-5.29V187.2c.15-4.33-.5-6.85-2-9.23-1.81-2.52-4.55-4-8.52-4.11a9.534 9.534 0 0 0-8.22 4c-1.66 2.23-2.59 5.19-2.59 9.3v21.64h-5.34l-.01-38.8ZM186.38 189.29a20.065 20.065 0 0 1 12.647-18.998c2.516-1 5.207-1.48 7.913-1.412 12.55 0 20.62 9.59 20.62 20.49 0 10.9-8.07 20.41-20.62 20.41s-20.56-9.52-20.56-20.41v-.08Zm5.26.15a15.548 15.548 0 0 0 26.552 10.954 15.55 15.55 0 1 0-26.552-11.024v.07ZM233.11 155.39h5.34v22.36a18.246 18.246 0 0 1 15.79-8.87c11 0 20 8.3 20 20.41 0 11.69-8.37 20.56-20.12 20.56-7.29 0-13-3.53-15.87-9.09v8h-5.12l-.02-53.37Zm35.77 33.9a15.356 15.356 0 0 0-15.36-15.36 15.356 15.356 0 0 0-15.36 15.36c0 8.44 6.13 15.58 15.14 15.58 10.32 0 15.58-8 15.58-15.5v-.08ZM280 155.39h5.34v7.43H280v-7.43Zm0 14.61h5.34v38.81H280V170ZM293.06 155.39h5.34v53.38h-5.34v-53.38ZM309 190.88c.29 9.74 8.59 14.43 15.15 14.35a14.333 14.333 0 0 0 13.34-8H343a20.713 20.713 0 0 1-7.86 9.45 20.322 20.322 0 0 1-11 3.17c-13.49 0-20.48-10.75-20.48-20.41a20.379 20.379 0 0 1 6.04-15.003 20.383 20.383 0 0 1 29.676 1.05 20.392 20.392 0 0 1 4.964 15.393H309Zm30.08-4.26c-.36-6.78-6.92-13.41-14.93-13.19-8.37 0-14.57 6.13-15.07 13.19h30Z"
                            fill="#414042"></path>
                        </svg></a></li>
                    <li><a href="https://bestbuys.coles.com.au" aria-label="Coles Best Buys"
                        data-testid="Coles Best Buys" class="sc-ec673d14-9 lmLfiB coles-targeting-FooterColesBrandLinks"
                        target="" rel="noreferrer"><svg focusable="false" xmlns="http://www.w3.org/2000/svg"
                          width="100%" height="100%" viewBox="0 0 470 282" fill="none">
                          <path fill="#fff" d="M0 0h470v282H0z"></path>
                          <path
                            d="M23 129.77h17.591c5.233 0 9.297 1.113 12.024 3.172 3.619 2.393 5.233 6.288 5.233 10.74 0 4.953-2.56 8.793-6.624 11.019 9.018 3.061 9.352 10.574 9.352 12.911 0 4.842-2.004 9.405-5.79 12.021-4.286 3.283-7.682 3.784-15.308 3.784H23V129.77Zm10.8 21.425h6.012c1.503 0 3.284-.167 4.62-.723 2.115-1.113 3.062-2.839 3.062-5.343 0-2.727-1.448-4.396-2.95-5.064-1.225-.557-2.84-.779-4.788-.779H33.8v11.909Zm0 22.706h7.626c1.392 0 3.34-.056 5.01-.779 2.171-.946 3.841-2.727 3.841-6.178 0-3.116-1.614-5.008-3.785-5.954-1.726-.724-3.563-.724-5.456-.724H33.8v13.635ZM73.435 166.61c.445 6.4 6.068 9.906 11.523 9.851 4.62 0 7.738-2.115 9.575-5.343h9.798c-1.893 4.397-4.732 7.736-8.072 10.017-3.34 2.338-7.237 3.506-11.356 3.506-12.247 0-21.043-9.905-21.043-21.036 0-11.297 8.851-21.258 20.876-21.258 5.956 0 11.189 2.226 14.863 6.066 4.843 5.008 6.68 11.241 5.901 18.197H73.435Zm22.713-7.234c-.39-3.784-4.342-9.071-11.3-9.016-7.015 0-10.856 5.065-11.246 9.016h22.546ZM127.656 154.312c-.056-2.115-1.169-4.285-4.844-4.285-3.173 0-4.731 2.003-4.731 4.006.055 2.56 2.95 3.896 6.735 5.009 6.402 1.725 13.249 3.617 13.361 12.187.167 8.181-6.736 13.412-15.086 13.412-6.179 0-14.529-3.172-15.197-12.855h9.463c.334 4.285 4.064 5.12 5.845 5.12 2.951 0 5.511-1.948 5.456-4.619 0-3.395-2.951-4.341-10.299-6.901-5.344-1.669-9.686-4.619-9.797-10.351 0-7.847 6.624-12.688 14.306-12.688 5.344 0 13.36 2.393 14.14 11.965h-9.352ZM145.524 150.917H138.9v-7.346h6.624v-13.857h9.52v13.857h6.791v7.346h-6.791v32.444h-9.52v-32.444ZM167.402 129.77h14.14c4.842 0 8.182.89 10.576 2.56 4.343 2.448 5.789 6.956 5.789 11.185 0 6.289-3.562 9.517-7.18 11.353 9.631 2.95 10.298 11.186 10.298 13.635-.056 5.787-2.783 10.128-7.348 12.521-3.172 1.948-6.234 2.393-11.523 2.393h-14.808V129.77h.056Zm5.957 23.15h8.126c2.451 0 4.621-.278 6.291-1.113 3.396-1.892 4.342-4.73 4.342-7.958 0-3.895-2.115-6.622-4.342-7.624-1.392-.723-3.173-1.169-6.68-1.224h-7.737v17.919Zm0 25.155h9.685c2.172 0 4.565-.223 6.513-1.002 3.174-1.391 5.567-4.118 5.679-8.904 0-4.341-2.339-7.513-5.734-9.071-2.394-1.002-4.231-1.113-7.515-1.113h-8.628v20.09ZM240.717 183.362h-5.066v-6.957c-2.171 5.065-7.459 8.126-14.418 8.07-12.191-.223-16.478-8.459-16.478-17.975v-22.094h5.288v21.092c0 8.403 3.786 14.08 12.526 13.968 8.128-.055 12.748-4.953 12.748-13.022v-22.038h5.344v38.956h.056ZM300.671 154.201c0-4.119-2.783-6.456-6.68-6.456-4.286 0-6.904 2.894-6.737 6.289.168 3.673 2.951 5.231 7.683 6.622 5.567 1.503 11.801 3.117 12.136 11.464.278 7.179-5.512 12.41-12.915 12.41-6.291 0-13.249-4.007-13.36-12.187h5.288c.222 5.342 4.23 7.735 8.127 7.735 4.51 0 7.626-3.339 7.515-7.346-.167-4.396-3.062-6.233-9.797-8.18-5.566-1.67-9.909-3.896-10.076-10.073 0-7.012 5.567-11.186 12.191-11.186 5.455 0 11.524 2.95 11.914 10.852h-5.289v.056Z"
                            fill="#E01A22"></path>
                          <path
                            d="m274.953 144.406-12.638 31.554-12.246-31.554h-5.734l15.085 38.288-2.727 6.566a5.607 5.607 0 0 1-5.177 3.395H23v5.51h229.908c3.396 0 6.512-2.059 7.793-5.232l20.097-48.583h-5.845v.056ZM265.878 192.655l-.891 2.115c-.5 1.28-1.224 2.393-2.059 3.45h42.307v-5.509h-39.357v-.056ZM305.235 114.967H133.111v5.509h172.124v-5.509ZM123.87 82.912H23.334v37.62H123.87v-37.62Z"
                            fill="#E01A22"></path>
                          <path
                            d="M51.669 101.443c-1.114-4.34-5.01-7.512-9.63-7.512a9.953 9.953 0 0 0-9.965 9.961 9.953 9.953 0 0 0 9.964 9.962c4.676 0 8.573-3.172 9.63-7.513h-4.174c-.947 2.059-3.006 3.506-5.456 3.506a5.962 5.962 0 0 1-5.956-5.955 5.962 5.962 0 0 1 5.956-5.954c2.45 0 4.51 1.447 5.456 3.505h4.175ZM68.536 103.892a5.962 5.962 0 0 1-5.956 5.955 5.962 5.962 0 0 1-5.957-5.955 5.962 5.962 0 0 1 5.957-5.954 5.962 5.962 0 0 1 5.956 5.954Zm3.953 0a9.953 9.953 0 0 0-9.965-9.961 9.953 9.953 0 0 0-9.964 9.961 9.953 9.953 0 0 0 9.964 9.962 9.953 9.953 0 0 0 9.965-9.962ZM78.111 87.976H73.77v25.376h4.342V87.976ZM88.91 97.492c1.838 0 4.287 1.002 5.178 3.896H83.789c.835-2.838 3.285-3.896 5.122-3.896Zm9.409 7.291c0-.334.055-.668.055-1.002 0-7.346-5.567-9.85-9.463-9.85-3.841 0-9.464 2.504-9.464 9.85 0 6.121 4.454 10.073 9.464 10.073 4.064 0 7.737-2.56 9.018-6.79h-4.287c-.946 1.892-2.783 3.005-4.731 3.005-2.617 0-5.01-2.059-5.4-5.286h14.808ZM107.003 113.798c-5.01 0-7.905-2.449-7.905-6.622v-.112h3.953v.056c.167 2.226 1.614 3.339 4.342 3.339 2.282 0 3.674-.946 3.674-2.449 0-1.28-.947-1.725-2.839-2.226l-2.784-.723c-2.059-.501-3.451-1.113-4.342-1.892-1.002-.835-1.447-1.948-1.447-3.45 0-1.726.668-3.173 1.948-4.23 1.281-1.058 3.118-1.614 5.344-1.614 2.283 0 4.231.556 5.567 1.67 1.336 1.057 2.06 2.56 2.06 4.34v.167h-3.897v-.055c-.111-1.837-1.447-2.783-3.897-2.783-1.892 0-3.117.78-3.117 1.948 0 1.335 1.169 1.892 3.062 2.337l2.338.501c3.896.89 5.956 2.059 5.956 5.509 0 1.893-.723 3.507-2.115 4.564-1.336 1.113-3.396 1.725-5.901 1.725ZM428.364 181.112c21.946-21.946 21.946-57.527 0-79.472-21.945-21.946-57.527-21.946-79.472 0-21.946 21.945-21.946 57.526 0 79.472 21.945 21.946 57.527 21.946 79.472 0Z"
                            fill="#fff"></path>
                          <path
                            d="M424.585 177.333c19.858-19.859 19.858-52.056 0-71.914-19.859-19.858-52.056-19.858-71.915 0-19.857 19.858-19.857 52.055 0 71.914 19.859 19.858 52.056 19.858 71.915 0Z"
                            fill="#fff"></path>
                          <path
                            d="M388.628 87.85c-29.566 0-53.524 23.958-53.524 53.524 0 29.565 23.958 53.523 53.524 53.523 29.565 0 53.524-23.958 53.524-53.523 0-29.566-23.959-53.524-53.524-53.524Zm0 93.66c-22.169 0-40.137-17.968-40.137-40.136 0-22.169 17.968-40.137 40.137-40.137 22.168 0 40.136 17.968 40.136 40.137 0 22.168-17.968 40.136-40.136 40.136Z"
                            fill="#E01A22"></path>
                          <path
                            d="M355.315 135.098c0-1.289.145-2.387.407-3.293.263-.883.668-1.623 1.193-2.172a4.492 4.492 0 0 1 1.932-1.193c.765-.239 1.623-.358 2.602-.358.978 0 1.86.119 2.625.358a4.275 4.275 0 0 1 1.908 1.193c.525.549.907 1.289 1.194 2.172.262.882.405 1.98.405 3.293 0 1.288-.143 2.386-.405 3.269-.263.883-.669 1.599-1.194 2.171a4.54 4.54 0 0 1-1.908 1.193c-.765.239-1.623.358-2.625.358-.979 0-1.837-.119-2.602-.358a4.483 4.483 0 0 1-1.932-1.193c-.525-.549-.907-1.265-1.193-2.171-.262-.883-.407-1.981-.407-3.269Zm4.057 0c0 .763.048 1.431.143 1.956.097.525.215.955.407 1.289.167.334.38.549.643.692.262.143.549.191.884.191.333 0 .643-.072.906-.191.262-.143.477-.358.644-.692.168-.334.287-.74.383-1.289.095-.525.142-1.169.142-1.956 0-.788-.047-1.432-.142-1.957-.096-.525-.215-.955-.383-1.289a1.524 1.524 0 0 0-.644-.692 1.889 1.889 0 0 0-.906-.215c-.335 0-.645.072-.884.215-.263.143-.476.358-.643.692-.168.334-.31.74-.407 1.289-.095.501-.143 1.169-.143 1.957ZM369.084 134.549V129.371c0-.239.024-.43.072-.573.048-.167.19-.286.382-.382.191-.095.478-.167.835-.215.358-.047.86-.071 1.48-.071.238 0 .43.024.572.095.143.072.286.239.453.478l4.607 7.397a15.36 15.36 0 0 0-.145-.692c-.047-.191-.07-.406-.095-.597a5.208 5.208 0 0 1-.047-.62c-.024-.215-.024-.501-.024-.811V129.347c0-.239.024-.43.096-.573a.786.786 0 0 1 .357-.382c.191-.095.43-.167.763-.215a9.739 9.739 0 0 1 1.314-.071c.428 0 .738.048.953.167.215.119.31.358.31.764v1.36c0 .525-.023 1.074-.023 1.622-.024.573-.024 1.122-.024 1.695v8.161l-3.77.095-4.653-7.159c.048.215.096.454.143.716.048.239.071.501.12.811.023.311.048.669.048 1.074v4.534l-3.795.096c.023-.788.023-1.623.048-2.458.023-.74.023-1.527.023-2.434v-2.601ZM388.675 138.987h1.145c.287 0 .55-.024.74-.024.191-.024.382-.048.597-.071.023.071.023.19.071.334.024.143.047.286.072.477.025.167.048.334.072.525.023.191.023.358.023.501 0 .382-.12.692-.357.907-.238.215-.645.334-1.17.334h-6.944c.024-.74.024-1.48.047-2.243.025-.668.025-1.384.025-2.172v-2.314c0-1.241 0-2.387-.025-3.389-.023-1.026-.023-1.837-.023-2.434 0-.238.023-.429.071-.573.049-.167.167-.286.359-.381.19-.096.477-.167.835-.215.358-.048.858-.072 1.48-.072.43 0 .74.048.955.167.213.12.31.358.31.764l-.097 9.879a22.636 22.636 0 0 1 1.814 0ZM392.423 135.193c0-1.241 0-2.386-.025-3.388-.023-1.026-.023-1.838-.023-2.434 0-.239.023-.43.071-.573.047-.167.167-.286.357-.382.192-.095.478-.167.835-.214.36-.048.86-.072 1.48-.072.43 0 .74.048.955.167.215.119.31.358.31.764v1.384c0 .525-.023 1.073-.023 1.622-.025.549-.025 1.098-.025 1.671v8.184l-3.984.096c.024-.764.024-1.527.047-2.315.025-.668.025-1.408.025-2.219-.025-.764 0-1.551 0-2.291ZM398.412 134.549V129.371c0-.239.023-.43.071-.573.047-.167.191-.286.382-.382.19-.095.477-.167.835-.215a12.07 12.07 0 0 1 1.479-.071c.238 0 .43.024.573.095.143.072.287.239.454.478l4.605 7.397c-.047-.263-.095-.477-.143-.692-.047-.191-.072-.406-.096-.597a5.202 5.202 0 0 1-.048-.62c-.023-.215-.023-.501-.023-.811V129.347c0-.239.023-.43.095-.573a.797.797 0 0 1 .358-.382 2.49 2.49 0 0 1 .764-.215 9.692 9.692 0 0 1 1.313-.071c.429 0 .74.048.954.167.214.119.311.358.311.764v1.36c0 .525-.025 1.074-.025 1.622-.023.573-.023 1.122-.023 1.695v8.161l-3.771.095-4.653-7.159c.048.215.095.454.143.716.047.239.072.501.12.811.023.311.047.669.047 1.074v4.534l-3.794.096c.024-.788.024-1.623.047-2.458.025-.74.025-1.527.025-2.434v-2.601ZM416.165 139.082h3.436c.334 0 .573 0 .763-.023.191-.024.383-.048.597-.096.048.143.096.382.143.716.048.334.072.668.072.978 0 .382-.119.692-.359.907-.238.215-.643.334-1.168.334h-7.446c0-1.074 0-2.1.025-3.078v-1.289c0-.429.023-.859.023-1.264v-5.202c0-.43-.023-.883-.023-1.337v-1.551h8.757c.024.525.024.931.047 1.241.025.31.025.573 0 .74-.023.191-.023.31-.071.405a.463.463 0 0 1-.119.215.632.632 0 0 1-.335.167 4.614 4.614 0 0 1-.74.048l-3.578-.024v2.625h4.2v2.649h-4.224v2.839ZM358.25 152.04h2.196c.215 0 .381 0 .501-.024.119-.024.239-.024.382-.048.023.096.048.239.095.454.025.215.048.429.048.62 0 .263-.072.454-.238.573-.168.143-.407.215-.765.215h-4.772c0-.692 0-1.36.023-1.981v-.811c0-.287 0-.549.025-.812V146.934c0-.287 0-.573-.025-.86v-1.002h5.584c0 .334.025.597.025.788v.477a.648.648 0 0 1-.048.262l-.072.144a.303.303 0 0 1-.215.095c-.095.024-.238.024-.477.024l-2.29-.024v1.67h2.697v1.695h-2.697v1.837h.023ZM367.271 145.287c.072-.096.143-.191.215-.239a.609.609 0 0 1 .334-.095c.143-.024.31 0 .548.024.215.023.502.095.835.167.192.047.31.095.406.167.096.071.144.143.144.238.023.096 0 .191-.048.311-.047.119-.12.238-.192.357l-2.099 3.222c.31.501.572.907.787 1.265.215.357.407.644.573.882.167.239.287.454.406.597.119.167.215.286.31.382.096.095.168.191.238.262.072.072.143.144.215.239-.31.286-.597.525-.859.668a1.742 1.742 0 0 1-.835.215c-.453 0-.788-.191-1.003-.597l-1.36-2.291-1.432 2.602c-.118.214-.333.31-.62.31-.285 0-.715-.096-1.24-.263a1.047 1.047 0 0 1-.405-.191c-.097-.071-.145-.143-.145-.238a.416.416 0 0 1 .048-.287c.049-.095.12-.214.192-.334l2.123-3.269c-.478-.763-.858-1.36-1.169-1.79-.31-.429-.549-.787-.716-1.026-.191-.238-.31-.405-.406-.501l-.262-.262c.31-.287.62-.501.93-.645.31-.119.62-.19.907-.19.168 0 .335.023.453.095.144.072.263.191.382.382l1.456 2.315 1.289-2.482ZM372.593 149.63c0 .763.19 1.36.548 1.813.359.43.859.645 1.479.645.287 0 .525-.024.717-.048.213-.024.358-.072.5-.119.073.262.143.477.168.644.023.167.047.31.047.429 0 .12-.024.191-.047.263a.445.445 0 0 1-.12.167c-.143.143-.382.262-.692.358-.31.095-.716.143-1.193.143-.62 0-1.17-.072-1.67-.239a3.102 3.102 0 0 1-1.265-.763c-.357-.334-.62-.788-.812-1.337-.19-.548-.285-1.193-.285-1.98 0-1.551.333-2.72 1.002-3.484.668-.764 1.623-1.145 2.863-1.145.477 0 .882.047 1.217.143.335.095.597.215.74.358a.766.766 0 0 1 .12.167c.023.071.047.143.047.262 0 .12 0 .239-.047.406-.025.167-.096.382-.168.644-.095-.024-.239-.047-.454-.095-.213-.048-.453-.048-.715-.048-.645 0-1.145.239-1.503.692-.31.501-.477 1.193-.477 2.124ZM380.492 151.968h.739c.191 0 .334 0 .476-.023.12 0 .24-.024.382-.048 0 .048.025.119.048.215.025.095.025.19.048.31.024.119.024.215.047.334.025.119.025.215.025.31 0 .263-.072.454-.238.573-.167.119-.407.215-.765.215h-4.439c0-.478.025-.955.025-1.432 0-.43.024-.883.024-1.384v-1.48c0-.787 0-1.527-.024-2.171-.025-.644-.025-1.169-.025-1.551 0-.143.025-.263.049-.358.024-.096.119-.191.238-.239.12-.071.31-.095.525-.119a9.3 9.3 0 0 1 .955-.048c.263 0 .477.048.597.12.143.071.191.238.191.477l-.073 6.323c.525-.024.908-.024 1.195-.024ZM387.601 150.608v-4.772c0-.143.025-.263.048-.358.024-.096.12-.191.239-.239.119-.071.31-.095.525-.119.238-.024.548-.048.955-.048.262 0 .476.048.596.12.142.071.191.238.191.477v.644c0 .263 0 .597-.024 1.002 0 .406 0 .907-.025 1.48v2.1c0 .525-.095 1.002-.285 1.384a2.767 2.767 0 0 1-.788.954c-.334.239-.739.43-1.192.549a5.883 5.883 0 0 1-1.48.167 5.853 5.853 0 0 1-1.48-.191 3.623 3.623 0 0 1-1.192-.549 2.758 2.758 0 0 1-.788-.954c-.192-.382-.287-.835-.287-1.36v-5.035c0-.144.025-.263.048-.358.024-.096.12-.191.239-.239.119-.071.31-.095.548-.119a9.3 9.3 0 0 1 .955-.048c.262 0 .477.048.597.119.118.072.19.239.19.478V147.053c0 .31 0 .644-.024 1.002 0 .358 0 .692-.023 1.026V150.656c0 .573.12.978.334 1.193.214.215.525.31.906.31.382 0 .692-.095.932-.31.19-.262.285-.668.285-1.241ZM394.116 146.814c-.525 0-.787.215-.787.62 0 .167.072.311.239.454.167.143.358.286.62.453.238.167.501.334.788.525.287.191.549.406.787.644.238.239.453.525.62.859.167.334.24.692.24 1.146 0 .811-.263 1.408-.765 1.813-.5.406-1.312.597-2.385.597-.717 0-1.289-.072-1.719-.215-.43-.143-.74-.31-.93-.477a.725.725 0 0 1-.12-.167c-.023-.072-.048-.143-.048-.263 0-.119.025-.262.072-.429.048-.167.12-.382.238-.644.407.119.812.214 1.194.262.381.048.716.096 1.026.096.287 0 .502-.048.644-.167a.484.484 0 0 0 .215-.43.763.763 0 0 0-.239-.549 2.656 2.656 0 0 0-.62-.477 11.048 11.048 0 0 0-.788-.501 3.872 3.872 0 0 1-.787-.621 3.176 3.176 0 0 1-.62-.835c-.167-.334-.24-.668-.24-1.098 0-.429.073-.811.24-1.121.167-.31.382-.573.644-.764a2.82 2.82 0 0 1 .978-.429 4.98 4.98 0 0 1 1.217-.143c.596 0 1.121.071 1.575.191.453.119.74.262.883.381.048.048.072.096.12.167.023.072.047.167.023.263 0 .119-.048.262-.095.429a3.93 3.93 0 0 1-.263.621c-.285-.048-.572-.096-.907-.167-.333 0-.691-.024-1.05-.024ZM397.48 149.558c0-.787 0-1.527-.023-2.171-.025-.644-.025-1.169-.025-1.551 0-.143.025-.263.048-.358.024-.096.12-.191.239-.239.12-.071.31-.095.525-.119.238-.024.548-.048.955-.048.263 0 .477.048.596.12.144.071.191.238.191.477v.883c0 .334 0 .692-.024 1.05 0 .358-.023.715-.023 1.073v5.226l-2.554.072c0-.477.024-.978.024-1.48 0-.429.023-.906.023-1.407.048-.549.048-1.05.048-1.528ZM405.976 145.86c.023-.167.071-.311.118-.43a.381.381 0 0 1 .263-.238c.119-.048.334-.096.574-.12.262-.024.62-.024 1.073-.024.262 0 .405.072.477.239.072.143.072.382-.023.668l-2.315 7.899c-.477.023-.907.071-1.361.095-.381.024-.763.024-1.145.048-.382 0-.715 0-.978-.048l-1.932-7.827c-.048-.215-.073-.382-.097-.525 0-.143.049-.238.144-.334.095-.071.286-.143.501-.167.239-.024.572-.048 1.026-.048.191 0 .358.024.478.048a.818.818 0 0 1 .285.119c.072.072.12.144.168.263.023.119.072.239.095.406l1.241 6.442 1.408-6.466ZM411.512 152.04H413.707c.215 0 .381 0 .501-.024.119-.024.239-.024.382-.048.024.096.047.239.095.454.024.215.047.429.047.62 0 .263-.07.454-.237.573-.168.143-.407.215-.765.215h-4.772c0-.692 0-1.36.025-1.981v-.811c0-.287 0-.549.023-.812V146.934c0-.287 0-.573-.023-.86v-1.002h5.582c0 .334.025.597.025.788v.477a.648.648 0 0 1-.048.262l-.072.144a.303.303 0 0 1-.215.095c-.095 0-.238.024-.477.024l-2.29-.024v1.67h2.696v1.695h-2.696v1.837h.024ZM418.575 146.695c-.525 0-.787.215-.787.62 0 .167.072.31.239.454.166.143.358.286.62.453.238.167.501.334.788.525.285.191.548.406.787.644.238.239.453.525.62.859.167.334.238.692.238 1.146 0 .811-.262 1.408-.763 1.813-.502.406-1.312.597-2.387.597-.715 0-1.287-.072-1.717-.215-.43-.143-.74-.31-.93-.477a.747.747 0 0 1-.12-.167.713.713 0 0 1-.048-.263c0-.119.023-.262.072-.429.048-.167.119-.382.238-.645.406.12.812.215 1.193.263.382.071.717.095 1.027.095.285 0 .5-.047.644-.167.143-.095.214-.238.214-.429a.762.762 0 0 0-.238-.549 2.656 2.656 0 0 0-.62-.477 11.77 11.77 0 0 0-.788-.501 3.872 3.872 0 0 1-.787-.621 3.132 3.132 0 0 1-.62-.835c-.167-.334-.24-.668-.24-1.098 0-.429.073-.811.24-1.121.166-.31.381-.573.643-.764.263-.191.597-.334.979-.429a4.974 4.974 0 0 1 1.217-.144c.596 0 1.121.072 1.575.191.453.12.739.263.883.382.048.048.071.096.118.167.025.072.049.167.025.263 0 .119-.048.262-.095.429a3.93 3.93 0 0 1-.263.621 20.323 20.323 0 0 1-.907-.167c-.335 0-.692-.024-1.05-.024Z"
                            fill="#231F20"></path>
                        </svg></a></li>
                    <li><a href="https://www.colesgroup.com.au/" aria-label="Coles Group" data-testid="Coles Group"
                        class="sc-ec673d14-9 lmLfiB coles-targeting-FooterColesBrandLinks" target=""
                        rel="noreferrer"><svg focusable="false" xmlns="http://www.w3.org/2000/svg" width="100%"
                          height="100%" viewBox="0 0 470 282" fill="none">
                          <path d="M470 0H0v282h470V0Z" fill="#fff"></path>
                          <path
                            d="M175.908 99.938C174.273 93.564 170.33 88 164.821 84.29a27.704 27.704 0 0 0-18.829-4.498c-6.623.812-12.717 3.978-17.135 8.904-4.418 4.926-6.857 11.272-6.857 17.844 0 6.573 2.439 12.919 6.857 17.845 4.418 4.925 10.512 8.092 17.135 8.903a27.698 27.698 0 0 0 18.829-4.498c5.509-3.71 9.452-9.274 11.087-15.646h-11.549a16.285 16.285 0 0 1-7.556 7.817 16.651 16.651 0 0 1-10.866 1.397 16.462 16.462 0 0 1-9.34-5.644 16.018 16.018 0 0 1-3.656-10.174c0-3.703 1.29-7.294 3.656-10.173a16.463 16.463 0 0 1 9.34-5.645 16.651 16.651 0 0 1 10.866 1.398 16.288 16.288 0 0 1 7.556 7.817h11.549ZM232.927 106.548a26.596 26.596 0 0 0-4.627-14.977 27.367 27.367 0 0 0-12.328-9.93 27.964 27.964 0 0 0-15.873-1.537 27.635 27.635 0 0 0-14.068 7.375 26.803 26.803 0 0 0-7.521 13.801 26.482 26.482 0 0 0 1.562 15.575 27.073 27.073 0 0 0 10.119 12.097 27.848 27.848 0 0 0 15.263 4.543c7.285.001 14.272-2.838 19.424-7.891 5.152-5.054 8.047-11.908 8.049-19.056Zm-10.983 0c0 3.199-.967 6.325-2.778 8.985a16.42 16.42 0 0 1-7.397 5.956 16.78 16.78 0 0 1-9.524.92 16.586 16.586 0 0 1-8.439-4.425 16.085 16.085 0 0 1-4.511-8.281 15.886 15.886 0 0 1 .938-9.344 16.238 16.238 0 0 1 6.071-7.257 16.706 16.706 0 0 1 9.157-2.726c4.37.003 8.561 1.707 11.65 4.74 3.09 3.032 4.826 7.144 4.826 11.432M248.477 63h-12.44v69.459h12.44V63ZM302.276 108.971c.07-.88.114-1.776.109-2.693.03-19.946-15.01-26.689-25.399-26.69-10.391 0-25.426 6.733-25.399 26.69-.027 16.548 11.901 27.22 25.406 27.217a24.902 24.902 0 0 0 15.147-5.088 25.243 25.243 0 0 0 9.017-13.282h-11.501a14.348 14.348 0 0 1-5.185 5.879 14.186 14.186 0 0 1-7.478 2.25c-7.078 0-13.418-5.502-14.53-14.292h29.06l10.753.009Zm-25.292-19.68a14.316 14.316 0 0 1 8.681 2.931 14.508 14.508 0 0 1 5.171 7.616H263.14a14.515 14.515 0 0 1 5.172-7.616 14.316 14.316 0 0 1 8.681-2.93M326.56 133.449c-13.385 0-21.065-6.586-21.065-18.075v-.23h10.48v.23c.45 6.119 4.226 9.094 11.516 9.094 6.061 0 9.83-2.531 9.83-6.598 0-3.451-2.563-4.742-7.607-6.029l-7.398-1.912a27.347 27.347 0 0 1-11.574-5.125 11.546 11.546 0 0 1-2.995-4.248 11.79 11.79 0 0 1-.853-5.161 14.488 14.488 0 0 1 1.253-6.323 14.2 14.2 0 0 1 3.859-5.107 21.993 21.993 0 0 1 14.266-4.35 23.254 23.254 0 0 1 14.867 4.49 14.6 14.6 0 0 1 4.091 5.276 14.93 14.93 0 0 1 1.35 6.587v.096h-10.385v-.092c-.279-4.943-3.841-7.559-10.299-7.559-5.082 0-8.238 2.053-8.238 5.355 0 3.682 3.124 5.14 8.166 6.314l6.271 1.436c10.31 2.446 15.895 5.562 15.895 15.011a15.416 15.416 0 0 1-1.344 6.88 15.1 15.1 0 0 1-4.238 5.521 25.22 25.22 0 0 1-15.857 4.526"
                            fill="#E01A22"></path>
                          <path
                            d="M128.462 174.814a18.218 18.218 0 0 0 5.352 13.422 18.17 18.17 0 0 0 13.437 5.287 17.927 17.927 0 0 0 13.131-5.395 19.649 19.649 0 0 0 5.215-13.23 20.241 20.241 0 0 0-4.26-12.27 17.223 17.223 0 0 0-14.261-6.53 18.184 18.184 0 0 0-13.281 5.332 18.222 18.222 0 0 0-5.325 13.295l-.008.089Zm43.299 18.016c0 8.876-2.871 14.533-6.966 18.449a26.13 26.13 0 0 1-17.734 7.226c-11.651 0-20.172-6.702-23.127-15.147h7.389a17.976 17.976 0 0 0 5.562 6.182 18.43 18.43 0 0 0 10.345 3.394 18.11 18.11 0 0 0 12.966-5.496 18.147 18.147 0 0 0 5.12-13.129v-6.006a20.227 20.227 0 0 1-7.779 8.399 20.206 20.206 0 0 1-11.088 2.827 23.886 23.886 0 0 1-17.504-7.06 23.94 23.94 0 0 1-6.93-17.571 23.99 23.99 0 0 1 6.881-17.669 23.942 23.942 0 0 1 17.553-7.135 20.68 20.68 0 0 1 11.044 2.771 20.712 20.712 0 0 1 7.91 8.197V151.4h6.358v41.43ZM292.018 198.551h-5.999v-8.28c-2.572 6.037-8.824 9.659-17.05 9.572-14.399-.258-19.455-10.089-19.455-21.385v-26.302h6.257v25.093c0 10.005 4.455 16.731 14.825 16.643 9.599-.086 15.082-5.863 15.082-15.52v-26.216h6.34v46.395ZM341.55 174.509a17.934 17.934 0 0 0-1.31-7.191 18.103 18.103 0 0 0-4.074-6.093 18.316 18.316 0 0 0-6.176-4.003 18.468 18.468 0 0 0-7.272-1.261c-2.461-.009-4.9.467-7.174 1.4a18.584 18.584 0 0 0-6.072 4.035 19.058 19.058 0 0 0-5.228 13.285 17.959 17.959 0 0 0 1.326 7.117 18.09 18.09 0 0 0 4.033 6.036 18.34 18.34 0 0 0 6.098 3.993 18.48 18.48 0 0 0 7.191 1.312 18.487 18.487 0 0 0 7.211-1.32 18.333 18.333 0 0 0 6.109-4.015 18.127 18.127 0 0 0 4.029-6.066c.916-2.27 1.358-4.7 1.301-7.143l.008-.086Zm-43.311-23.119h6.1v9.662a21.45 21.45 0 0 1 8.244-8.213 21.743 21.743 0 0 1 11.365-2.743c15.772 0 24.052 12.68 24.052 24.671 0 12.937-9.501 24.324-24.052 24.324-10.369 0-17.081-5.952-19.256-10.784v27.088h-6.447l-.006-64.005ZM219.97 150.083a23.997 23.997 0 0 0-13.536 4.192 24.773 24.773 0 0 0-8.973 11.165 25.376 25.376 0 0 0-1.388 14.376 25.05 25.05 0 0 0 6.667 12.74 24.207 24.207 0 0 0 12.474 6.81c4.726.96 9.625.467 14.076-1.416a24.481 24.481 0 0 0 10.934-9.163 25.263 25.263 0 0 0 4.106-13.824c0-6.598-2.566-12.926-7.135-17.592-4.568-4.666-10.764-7.288-17.225-7.288Zm0 6.307c3.597 0 7.113 1.089 10.104 3.13a18.504 18.504 0 0 1 6.698 8.336 18.95 18.95 0 0 1 1.035 10.731 18.706 18.706 0 0 1-4.977 9.51 18.08 18.08 0 0 1-9.312 5.083 17.84 17.84 0 0 1-10.508-1.057 18.276 18.276 0 0 1-8.161-6.841 18.849 18.849 0 0 1-3.065-10.319c.005-4.924 1.923-9.645 5.332-13.127 3.41-3.482 8.032-5.44 12.854-5.446"
                            fill="#212121"></path>
                          <path
                            d="m204.907 150.104.029-.021h-6.395c-5.363.176-11.3 2.032-14.612 9.103v-7.777h-5.947v45.325h6.2V173.06c0-10.73 4.885-16.466 13.639-16.524a28.78 28.78 0 0 1 7.086-6.432ZM170.978 213.321c-.736.561-1.54 1.09-2.407 1.583-.303.173-.63.326-.956.491h125.44v-2.074H170.978Z"
                            fill="#212121"></path>
                        </svg></a></li>
                    <li><a href="https://coles.com.au/business" aria-label="Coles For Business"
                        data-testid="Coles For Business"
                        class="sc-ec673d14-9 lmLfiB coles-targeting-FooterColesBrandLinks" target=""
                        rel="noreferrer"><svg focusable="false" xmlns="http://www.w3.org/2000/svg" width="100%"
                          height="100%" viewBox="0 0 470 282" fill="none">
                          <path
                            d="M39.42 212.058v-33.95h-3.653v-7.027h3.654v-1.998c0-4.363 1.715-7.394 4.92-9.54 3.358-1.998 5.531-2.217 10.067-2.217v7.026c-5.145 0-7.233 1.849-7.233 4.731v1.998h7.233v7.027h-7.233v33.95H39.42ZM77.028 213.094c-13.87 0-22.298-11.464-22.298-21.818 0-11.171 9.472-21.302 22.298-21.302 12.527 0 22.295 9.767 22.295 21.45-.006 9.983-8.284 21.67-22.295 21.67Zm0-36.093c-8.727 0-14.541 7.171-14.541 14.494 0 7.398 5.89 14.573 14.541 14.573 8.35 0 14.538-6.878 14.538-14.647-.006-7.249-5.82-14.42-14.538-14.42ZM105.73 212.058v-40.99h7.233v3.699h.15c3.28-4.586 8.574-4.735 10.513-4.809v7.917c-1.949.12-3.853.627-5.6 1.491-2.46 1.33-4.555 4.438-4.555 10.28v22.412h-7.741ZM147.265 212.058v-54.732h7.753v19.452h.15c3.355-4.661 8.574-6.807 14.167-6.807 10.962 0 21.4 8.95 21.4 21.599 0 11.835-9.172 21.524-21.25 21.524-3.804 0-10.142-1.333-14.392-6.952h-.149v5.916h-7.679Zm21.624-5.99c7.455 0 14.093-6.362 14.093-14.498 0-7.692-5.965-14.569-14.093-14.569-8.502 0-14.095 7.171-14.095 14.42 0 9.247 7.158 14.647 14.095 14.647ZM204.03 171.081v22.189c0 10.135 4.556 12.798 10.289 12.798 6.413 0 10.812-4.067 10.812-13.017v-21.97h7.754v40.99h-7.083v-4.441h-.15c-2.086 3.55-6.934 5.486-12.153 5.486-4.699 0-8.785-1.478-11.782-4.066-3.43-2.96-5.444-7.546-5.444-15.757v-22.212h7.757ZM257.643 181.955c-.446-3.328-2.46-4.954-5.294-4.954-2.834 0-4.848 1.775-4.848 4.363 0 3.402 2.984 4.289 6.413 5.326 3.205.968 12.453 3.55 12.453 13.313 0 7.249-5.07 13.091-13.868 13.091-5.206 0-14.616-3.254-14.616-14.498h7.754c.299 4.586 2.684 7.472 7.012 7.472 3.504 0 5.964-2.147 5.964-5.623 0-3.624-3.205-4.88-7.233-6.287-4.474-1.614-11.633-3.625-11.633-12.352 0-6.064 5.145-11.835 12.973-11.835 4.699 0 12.456 2.885 12.69 11.984h-7.767ZM279.271 166.347h-7.757v-9.021h7.757v9.021Zm0 45.711h-7.757v-40.99h7.757v40.99ZM316.625 212.058v-22.27c0-3.179 0-12.794-10.289-12.794-6.488 0-10.887 4.519-10.887 12.72v22.337h-7.757v-40.989h7.233v4.364h.15c4.178-5.487 10.441-5.487 12.081-5.487 6.413 0 11.632 2.737 14.616 7.323 1.627 2.663 2.535 5.919 2.603 10.502v24.261l-7.75.033ZM338.477 194.9c1.952 7.911 8.349 11.168 13.572 11.168 2.409.028 4.78-.597 6.856-1.81a13.14 13.14 0 0 0 4.923-5.068h7.757c-3.954 10.576-13.422 13.904-19.849 13.904-11.713 0-21.029-9.986-21.029-21.599 0-12.264 9.547-21.524 21.179-21.524 11.183 0 20.951 9.037 21.026 21.008 0 1.33-.15 3.402-.221 3.921h-34.214Zm26.681-5.919c-.374-5.99-5.889-11.98-13.34-11.98s-12.976 5.99-13.341 11.98h26.681ZM395.448 181.955c-.449-3.328-2.463-4.954-5.294-4.954-2.831 0-4.848 1.775-4.848 4.363 0 3.402 2.984 4.289 6.413 5.326 3.205.968 12.452 3.55 12.452 13.313 0 7.249-5.069 13.091-13.867 13.091-5.206 0-14.616-3.254-14.616-14.498h7.753c.3 4.586 2.685 7.472 7.009 7.472 3.504 0 5.968-2.147 5.968-5.623 0-3.624-3.209-4.88-7.234-6.287-4.474-1.614-11.632-3.625-11.632-12.352 0-6.064 5.144-11.835 12.973-11.835 4.698 0 12.452 2.885 12.69 11.984h-7.767ZM425.575 181.955c-.449-3.328-2.463-4.954-5.294-4.954-2.831 0-4.848 1.775-4.848 4.363 0 3.402 2.983 4.289 6.413 5.326 3.205.968 12.452 3.55 12.452 13.313 0 7.249-5.069 13.091-13.867 13.091-5.223 0-14.616-3.254-14.616-14.498h7.753c.3 4.586 2.685 7.472 7.009 7.472 3.504 0 5.967-2.147 5.967-5.623 0-3.624-3.208-4.88-7.233-6.287-4.474-1.614-11.632-3.625-11.632-12.352 0-6.064 5.144-11.835 12.973-11.835 4.698 0 12.452 2.885 12.69 11.984h-7.767Z"
                            fill="#000"></path>
                          <path
                            d="M85.784 101.348a25.176 25.176 0 0 0-10.282-14.612 25.54 25.54 0 0 0-17.458-4.2 25.444 25.444 0 0 0-15.887 8.317 25.057 25.057 0 0 0-6.358 16.666c0 6.138 2.261 12.065 6.358 16.665a25.441 25.441 0 0 0 15.887 8.316c6.141.759 12.35-.735 17.458-4.199a25.175 25.175 0 0 0 10.282-14.611H75.076a15.165 15.165 0 0 1-7.01 7.304 15.346 15.346 0 0 1-10.08 1.306 15.252 15.252 0 0 1-8.666-5.275 15.037 15.037 0 0 1-3.391-9.506c0-3.461 1.197-6.817 3.391-9.507a15.257 15.257 0 0 1 8.666-5.275 15.35 15.35 0 0 1 10.08 1.306 15.167 15.167 0 0 1 7.01 7.305h10.708ZM128.698 107.519a15.021 15.021 0 0 1-2.567 8.399 15.208 15.208 0 0 1-6.839 5.568 15.359 15.359 0 0 1-8.805.86 15.276 15.276 0 0 1-7.803-4.139 15.08 15.08 0 0 1-4.169-7.741 15.001 15.001 0 0 1 .87-8.734 15.138 15.138 0 0 1 5.617-6.782 15.325 15.325 0 0 1 8.469-2.543c2.001 0 3.982.39 5.831 1.15a15.242 15.242 0 0 1 4.944 3.276 15.096 15.096 0 0 1 3.303 4.904 14.99 14.99 0 0 1 1.159 5.785m10.159 0a25.03 25.03 0 0 0-4.278-13.986 25.33 25.33 0 0 0-11.39-9.272 25.568 25.568 0 0 0-14.663-1.433 25.442 25.442 0 0 0-12.995 6.89 25.112 25.112 0 0 0-6.946 12.89 24.986 24.986 0 0 0 1.444 14.545 25.219 25.219 0 0 0 9.348 11.298 25.526 25.526 0 0 0 14.1 4.242 25.498 25.498 0 0 0 17.941-7.378 25.09 25.09 0 0 0 7.439-17.796ZM142.153 67.29l-.007 64.183 11.135.003-.003-64.188-11.125.003ZM180.704 91.397c2.975-.002 5.87.96 8.244 2.738a13.557 13.557 0 0 1 4.911 7.116h-26.31a13.552 13.552 0 0 1 4.911-7.116 13.739 13.739 0 0 1 8.244-2.738Zm24.023 18.397c.065-.82.104-1.659.101-2.514.029-18.655-14.252-24.942-24.121-24.946-9.869 0-24.146 6.29-24.12 24.946-.026 15.463 11.3 25.436 24.123 25.433 10.361 0 19.741-6.51 22.949-17.168h-10.926c-2.482 4.78-7.061 7.598-12.039 7.598-6.722 0-12.735-5.164-13.799-13.355h27.595l10.237.006ZM226.905 132.583c-12.837 0-20.197-6.132-20.197-16.828v-.216h10.048v.21c.439 5.696 4.051 8.466 11.04 8.466 5.815 0 9.436-2.357 9.436-6.133 0-3.227-2.456-4.412-7.295-5.612l-7.09-1.782c-5.284-1.291-8.811-2.801-11.099-4.77-2.518-2.163-3.689-4.948-3.689-8.76 0-4.367 1.695-8.046 4.903-10.65 3.273-2.65 8.004-4.051 13.666-4.051 5.876 0 10.809 1.446 14.261 4.196 3.453 2.75 5.206 6.523 5.206 11.044v.087h-9.94V97.7c-.27-4.605-3.683-7.039-9.875-7.039-4.881 0-7.9 1.911-7.9 4.987 0 3.421 2.996 4.786 7.832 5.88l6.022 1.317c9.885 2.279 15.241 5.164 15.241 13.979 0 4.841-1.851 8.82-5.352 11.544-3.502 2.724-8.805 4.215-15.205 4.215"
                            fill="#E01A22"></path>
                        </svg></a></li>
                  </ul>
                </div>
              </div>
            </div>
          </div>
          <div data-testid="disclaimer-section"
            class="sc-ec673d14-10 iUBgSR coles-targeting-FooterDisclaimerSectionWrapper">
            <div class="sc-3deb7cff-1 fivhPo coles-targeting-FooterDisclaimerSection">
              <div>
                <div class="sc-3deb7cff-3 gdsVOm coles-targeting-FooterCol1"><svg focusable="false"
                    xmlns="http://www.w3.org/2000/svg" viewBox="0 0 146.42 52.12" role="img"
                    aria-label="Choose to Drink Wise logo">
                    <path
                      d="M11.5 22.73A11.37 11.37 0 1 1 11.47 0a11.57 11.57 0 0 1 8.67 3.92A7.46 7.46 0 0 1 21.54 6h-2.47a9.19 9.19 0 0 0-7.63-4 9.51 9.51 0 0 0-9.24 9.41 9.55 9.55 0 0 0 9.27 9.33 9.6 9.6 0 0 0 7.69-4.16h2.47a11.64 11.64 0 0 1-10.13 6.15ZM35.91 22.73v-9.1a6.31 6.31 0 0 0-1.57-4.53 5.26 5.26 0 0 0-7.19 0 6.1 6.1 0 0 0-1.54 4.38v9.25h-2.12V.37h2.12v7.94h.06a6 6 0 0 1 5.07-2.54c4.75 0 7.29 3.3 7.29 7.86v9.1ZM47.73 22.73a8.53 8.53 0 1 1 8.53-8.53 8.55 8.55 0 0 1-8.53 8.53Zm0-15.19a6.58 6.58 0 0 0-6.42 6.75 6.42 6.42 0 1 0 12.84-.18 6.54 6.54 0 0 0-6.39-6.57ZM65.94 22.73a8.53 8.53 0 1 1 8.53-8.53 8.55 8.55 0 0 1-8.53 8.53ZM66 7.54a6.58 6.58 0 0 0-6.42 6.75 6.42 6.42 0 1 0 12.84-.18A6.54 6.54 0 0 0 66 7.54ZM129.26 22.73a8.53 8.53 0 1 1 8.53-8.53 8.55 8.55 0 0 1-8.53 8.53Zm0-15.19a6.58 6.58 0 0 0-6.42 6.75 6.42 6.42 0 1 0 12.84-.18 6.54 6.54 0 0 0-6.39-6.57ZM79.86 22.73a4.83 4.83 0 0 1-5-5v-.17H77c0 1.87.92 3.32 2.91 3.32a2.73 2.73 0 0 0 3-2.91c0-4.31-7.54-2.32-7.54-7.75A4.42 4.42 0 0 1 80 5.67a4.36 4.36 0 0 1 4.43 4.43h-2.1a2.48 2.48 0 0 0-2.44-2.56A2.4 2.4 0 0 0 77.43 10c0 3.71 7.54 1.78 7.54 7.78.03 3.1-2.05 4.95-5.11 4.95ZM102.49 15h-14.8A6.44 6.44 0 0 0 94 20.85 6.14 6.14 0 0 0 99.82 17H102a8.48 8.48 0 1 1-8-11.33 8.66 8.66 0 0 1 8.53 8.71c-.01.2-.04.38-.04.62ZM94 7.54a6.43 6.43 0 0 0-6.33 5.56h12.69A6.45 6.45 0 0 0 94 7.54ZM116.89 8.3v14.43h-2.09V8.3h-3.43V6.42h3.43V.67h2.09v5.75h3.9V8.3ZM8 52.12H0v-23h7.6c4.16 0 7.55.68 10.15 4.28a12.14 12.14 0 0 1 2.11 7.14c0 7.57-4.31 11.58-11.86 11.58Zm.41-17.82H5.87V47h2.51c4 0 5.62-2.57 5.62-6.3s-1.68-6.4-5.59-6.4ZM26.25 42.65v9.47H21.1V34.89h4.84v1.83H26a4.32 4.32 0 0 1 4.32-2.42v5.18c-2.27.07-4.07.52-4.07 3.17ZM50.17 52.12v-9.41c0-1.92-.37-3.57-2.7-3.57s-2.94 1.55-2.94 3.6v9.38h-5.16V34.89h4.81v1.83h.07a4.94 4.94 0 0 1 4.68-2.42 7.48 7.48 0 0 1 4.41 1.49c1.65 1.37 2 3.54 2 5.56v10.77ZM66.86 42.46l6.3 9.66h-5.84l-4.87-8.29h-.06v8.29h-5.15v-23h5.15v12h.06l4.78-6.24h6.11ZM95.59 52.12h-5.15L87 37.25h-.07l-3.44 14.87h-5.31l-5.93-23h6l3.08 14.93h.06l3.38-14.93h4.5l3.32 15h.06l3.14-15h5.93ZM115.76 52.12c-3.37 0-6.19-1.81-6.56-5.35h4.8a1.68 1.68 0 0 0 1.83 1.48c.73 0 1.68-.4 1.68-1.25 0-1.16-1.3-1.51-2.17-1.86-.7-.23-1.4-.46-2.1-.72-1.91-.7-3.83-2-3.83-4.21 0-3.37 3.14-5.32 6.25-5.32s5.86 1.66 6.18 5.08h-4.74c0-.9-.67-1.22-1.51-1.22-.64 0-1.37.35-1.37 1.08 0 2.53 8.11 1.1 8.11 6.8 0 3.63-3.33 5.49-6.57 5.49Z">
                    </path>
                    <path
                      d="M139.69 45h-12.11a3.62 3.62 0 0 0 3.79 3 3.47 3.47 0 0 0 2.94-1.51h4.94a8.66 8.66 0 0 1-7.88 5.59 8.62 8.62 0 1 1 8.43-8.41 6.21 6.21 0 0 1-.11 1.33Zm-8.38-6a3.59 3.59 0 0 0-3.67 2.77H135a3.58 3.58 0 0 0-3.69-2.77ZM32.43 52.12V34.89h5.15v17.23Z">
                    </path>
                    <circle cx="35.01" cy="30.59" r="2.57"></circle>
                    <path d="M102.16 52.12V34.89h5.15v17.23Z"></path>
                    <circle cx="104.74" cy="30.62" r="2.57"></circle>
                    <circle cx="143.86" cy="49.55" r="2.57"></circle>
                  </svg>
                  <div>No alcohol can be sold or supplied to anyone under 18. It's against the law. It's an offence to
                    supply liquor to a person under the age of 18 years. All liquor products are sold and supplied by
                    Liquorland (Australia) Pty Ltd. For more specific legislation in your state or territory, and to
                    view our liquor and tobacco licences, visit our<!-- --> <a
                      href="/important-information/orders-with-liquor-tobacco"
                      class="sc-51aa5295-0 gCABaF coles-targeting-LinkLinkInternal link" tabindex="0" target="">help
                      page</a>. To voluntarily exclude yourself from being able to purchase liquor online at Coles,
                    please<!-- --> <a href="/help/enquiry?path=Online-shopping%2FLiquor-enquiry"
                      class="sc-51aa5295-0 gCABaF coles-targeting-LinkLinkInternal link" tabindex="0" target="">contact
                      us</a>.</div>
                </div>
                <div class="sc-3deb7cff-4 jQRqSG coles-targeting-FooterCol2">
                  <div class="sc-3deb7cff-2 cKiBSh">
                    <ul class="sc-3deb7cff-0 bWXyca coles-targeting-FooterDisclaimerLinks">
                      <li><a href="/important-information/privacy-policy"
                          class="sc-51aa5295-0 gCABaF coles-targeting-LinkLinkInternal link" tabindex="0"
                          target="">Privacy policy</a></li>
                      <li><a href="/important-information/terms/website-terms-conditions"
                          class="sc-51aa5295-0 gCABaF coles-targeting-LinkLinkInternal link" tabindex="0"
                          target="">Terms and conditions</a></li>
                      <li><a href="/important-information/customer-agreement"
                          class="sc-51aa5295-0 gCABaF coles-targeting-LinkLinkInternal link" tabindex="0"
                          target="">Customer agreement</a></li>
                      <li><a href="https://www.coles.com.au/sitemap"
                          class="sc-51aa5295-0 gCABaF coles-targeting-LinkLinkInternal link" tabindex="0"
                          target="">Sitemap</a></li>
                    </ul>
                    <div id="footer-copyright">Coles Online - Hawthorn East, Victoria Australia 3123  Copyright Coles
                      <!-- -->2023</div>
                  </div>
                </div>
              </div>
            </div>
          </div>
        </footer>
      </div>
    </div>
    <div></div>
  </div>
  <script id="__NEXT_DATA__"
    type="application/json">{"props":{"pageProps":{"adobeTargetResponse":{"offers":{}},"assetsUrl":"https://productimages.coles.com.au/productimages","_sentryTraceData":"29e0822ea77c463b8d4aaa95a7ee7f18-b1781bc603b0ce11-0","_sentryBaggage":"sentry-environment=prod,sentry-release=20230801.02_v3.44.0,sentry-transaction=%2Fsearch,sentry-public_key=fe929b0cab4a4e3694d4ce2c52b13210,sentry-trace_id=29e0822ea77c463b8d4aaa95a7ee7f18,sentry-sample_rate=0.4","isMobile":true,"searchResults":{"didYouMean":null,"noOfResults":66,"start":0,"pageSize":24,"keyword":"bananas","resultType":1,"filters":[{"name":"Brand","values":[{"id":"3913533492","displayText":"Betty Crocker","count":1},{"id":"2296483675","displayText":"Big M","count":2},{"id":"3487426023","displayText":"Chobani","count":1},{"id":"1509204278","displayText":"Clif","count":1},{"id":"3955134709","displayText":"Coles","count":22,"brand":"Coles"},{"id":"2885820157","displayText":"Crankt","count":1},{"id":"3651731502","displayText":"Creative Gourmet","count":2},{"id":"3626069441","displayText":"Danone","count":1},{"id":"3157599199","displayText":"Darrell Lea","count":1},{"id":"3669871256","displayText":"Denada","count":1},{"id":"279041958","displayText":"Donna Hay","count":1},{"id":"3553119844","displayText":"Fierce","count":1},{"id":"402773875","displayText":"Fresh","count":1},{"id":"3719119404","displayText":"Golden Circle","count":1},{"id":"1471628731","displayText":"Greens","count":2},{"id":"4048032811","displayText":"Kozhikodens","count":1},{"id":"3929185762","displayText":"Lifesavers","count":1},{"id":"2766175818","displayText":"Macro Mike","count":1},{"id":"925608112","displayText":"Muscle Nation","count":1},{"id":"1486449521","displayText":"Noshu","count":1},{"id":"4245889555","displayText":"Oob","count":1},{"id":"3994298658","displayText":"Pauls","count":3},{"id":"2507559341","displayText":"Peters","count":1},{"id":"1153199779","displayText":"Proud\u0026Punch","count":1},{"id":"1167170767","displayText":"Rapid Loss","count":1},{"id":"3731152386","displayText":"Red Tractor","count":1},{"id":"3174654321","displayText":"Sanitarium","count":3},{"id":"86417711","displayText":"Serious","count":1},{"id":"2482404158","displayText":"Streets","count":1},{"id":"4216134894","displayText":"Tamar Valley","count":1},{"id":"2137650782","displayText":"Twisted","count":1},{"id":"81873234","displayText":"Uncle Tobys","count":1},{"id":"2218144384","displayText":"Vaalia","count":1},{"id":"3564356451","displayText":"White Wings","count":1},{"id":"1063164833","displayText":"Yoplait","count":2},{"id":"3310394651","displayText":"YoPro","count":2}]},{"name":"Allergen","values":[{"id":"7","displayText":"Free from Artificial Colours","count":6},{"id":"9","displayText":"Gluten Free","count":6},{"id":"1005","displayText":"Free from Artificial Flavours","count":5},{"id":"8","displayText":"Free from Artificial Preservatives","count":3},{"id":"1009","displayText":"No Added Sugar","count":3},{"id":"1003","displayText":"Dairy Free","count":2},{"id":"3","displayText":"Cereal Free","count":1},{"id":"5","displayText":"Egg Free","count":1},{"id":"10","displayText":"Lactose Free","count":1},{"id":"14","displayText":"Wheat Free","count":1},{"id":"1008","displayText":"Milk Free","count":1},{"id":"1010","displayText":"Nut Free","count":1},{"id":"1015","displayText":"Soy Free","count":1}]},{"name":"Dietary","values":[{"id":"22","displayText":"No Preservatives","count":11},{"id":"1023","displayText":"No Artificial Flavours or Colours","count":9},{"id":"21","displayText":"No Added Sugars","count":7},{"id":"33","displayText":"Vegetarian","count":4},{"id":"1033","displayText":"Vegan","count":4},{"id":"17","displayText":"High in Fibre","count":3},{"id":"1021","displayText":"Low GI","count":3},{"id":"1024","displayText":"Source of Calcium","count":3},{"id":"18","displayText":"Low in Sugar","count":1},{"id":"31","displayText":"Halal","count":1},{"id":"1025","displayText":"Source of Vitamin C","count":1}]},{"name":"Special","values":[{"id":"s0","displayText":"S_0","count":6},{"id":"m0","displayText":"M_0","count":4}]}],"banners":[],"pageRestrictions":{"tobaccoProducts":false,"restrictedByOrganisationProducts":false},"results":[{"_type":"PRODUCT","id":409499,"adId":null,"adSource":null,"featured":false,"name":"Bananas","brand":"Fresh","description":"BANANAS: PER KG","size":"approx. 180g each","availability":true,"availabilityType":"InStoreAndOnline","imageUris":[{"altText":"","type":"default","uri":"/4/409499.jpg"}],"locations":[{"aisleSide":"Front of Store","description":"Located in Fresh produce at $STORE","facing":0,"aisle":"Fresh produce","order":0,"shelf":null}],"restrictions":{"retailLimit":50,"promotionalLimit":50,"liquorAgeRestrictionFlag":false,"tobaccoAgeRestrictionFlag":false,"restrictedByOrganisation":false,"delivery":["OVN","REMOTE SERVICE","TEMP"]},"merchandiseHeir":{"tradeProfitCentre":"FRESH PROD","categoryGroup":"FRUIT","category":"BANANAS","subCategory":"REGULAR BANANAS","className":"REGULAR"},"onlineHeirs":[{"aisle":"Bananas","category":"Fruit","subCategory":"Fruit \u0026 vegetables","categoryId":"1302","aisleId":"1700","subCategoryId":"2100"}],"pricing":{"now":0.72,"was":0,"unit":{"quantity":180,"ofMeasureQuantity":1,"ofMeasureUnits":"g","price":4,"ofMeasureType":"g","isWeighted":true},"comparable":"$4.00 per 1kg","onlineSpecial":false}},{"_type":"SINGLE_TILE","adId":"shotgun_aURE8mexSSJ5CVNBjequMmBTSQMKCQoHNDA5NDk5UBIAGgwI8JjXpgYQ0fLa2AEiAggB","adSource":"citrus","campaignName":"Search-Tile---Super-Hero-Builders-Fresh-Food-Challenge-75e3440626939503c1b837025ad7213e","expiry":"2023-08-11T05:51:44.454474Z","headingText":"Eat like a Super Hero, feel like one too!","bannerText":"Eat like a Super Hero, feel like one too!","bannerTextColour":"ffffff","ctaFlag":true,"ctaText":"Shop now","ctaTextAccessibility":"Shop now","ctaLink":"/browse/fruit-vegetables?pid=pr_Search_Tile_Super-Hero-Builders-Fresh-Food-Challenge","backgroundColour":"ffffff","backgroundImage":"https://coles.flavedo.io/citrus/34dde056-1e26-47b6-9f96-ff4a7415141d","backgroundImagePosition":"fill","secondaryBackgroundImage":null,"secondaryBackgroundImagePosition":null,"heroImage":"https://coles.flavedo.io/citrus/5f20b755-6d71-48fc-805c-56625456b9c3","heroImageAltText":"Eat like a Super Hero, feel like one too!","secondaryHeroImage":null,"secondaryHeroImageAltText":null,"productIds":["5191256","409499","5900530"],"additionalFields":[{"id":"description","value":"Tick of all 35 food as you try to become a Fresh Food Super Hero. "}]},{"_type":"PRODUCT","id":2511791,"adId":null,"adSource":null,"featured":false,"name":"Kids Pack Bananas","brand":"Coles","description":"COLES BANANAS:KIDS PACK:.:750 GRAM","size":"750g","availability":true,"availabilityType":"InStoreAndOnline","imageUris":[{"altText":"","type":"default","uri":"/2/2511791.jpg"}],"locations":[{"aisleSide":"Front of Store","description":"Located in Fresh produce at $STORE","facing":0,"aisle":"Fresh produce","order":0,"shelf":null}],"restrictions":{"retailLimit":50,"promotionalLimit":50,"liquorAgeRestrictionFlag":false,"tobaccoAgeRestrictionFlag":false,"restrictedByOrganisation":false,"delivery":["OVN","REMOTE SERVICE","TEMP"]},"merchandiseHeir":{"tradeProfitCentre":"FRESH PROD","categoryGroup":"FRUIT","category":"BANANAS","subCategory":"PRE PACK BANANAS","className":"PRE PACK BANANAS"},"onlineHeirs":[{"aisle":"Bananas","category":"Fruit","subCategory":"Fruit \u0026 vegetables","categoryId":"1302","aisleId":"1700","subCategoryId":"2100"}],"pricing":{"now":4,"was":0,"unit":{"quantity":1,"ofMeasureQuantity":1,"ofMeasureUnits":"kg","price":5.33,"ofMeasureType":"kg","isWeighted":false},"comparable":"$5.33 per 1kg","onlineSpecial":false}},{"_type":"PRODUCT","id":132056,"adId":null,"adSource":null,"featured":false,"name":"Lady Finger Bananas","brand":"Coles","description":"BANANAS:LADY FINGER SUGAR:PER KG","size":"approx. 160g each","availability":true,"availabilityType":"InStoreAndOnline","imageUris":[{"altText":"","type":"default","uri":"/1/132056.jpg"}],"locations":[{"aisleSide":"Front of Store","description":"Located in Fresh produce at $STORE","facing":0,"aisle":"Fresh produce","order":0,"shelf":null}],"restrictions":{"retailLimit":50,"promotionalLimit":50,"liquorAgeRestrictionFlag":false,"tobaccoAgeRestrictionFlag":false,"restrictedByOrganisation":false,"delivery":["OVN","REMOTE SERVICE","TEMP"]},"merchandiseHeir":{"tradeProfitCentre":"FRESH PROD","categoryGroup":"FRUIT","category":"BANANAS","subCategory":"LADY FINGER","className":"LADY FINGER"},"onlineHeirs":[{"aisle":"Bananas","category":"Fruit","subCategory":"Fruit \u0026 vegetables","categoryId":"1302","aisleId":"1700","subCategoryId":"2100"}],"pricing":{"now":1.28,"was":0,"unit":{"quantity":160,"ofMeasureQuantity":1,"ofMeasureUnits":"g","price":8,"ofMeasureType":"g","isWeighted":true},"comparable":"$8.00 per 1kg","onlineSpecial":false}},{"_type":"PRODUCT","id":9174565,"adId":null,"adSource":null,"featured":false,"name":"Bananas Red Tipped","brand":"Coles","description":"BANANAS:RED TIPPED:PER KG","size":"approx. 180g each","availability":true,"availabilityType":"InStoreAndOnline","imageUris":[{"altText":"","type":"default","uri":"/9/9174565.jpg"}],"locations":[{"aisleSide":"Front of Store","description":"Located in Fresh produce at $STORE","facing":0,"aisle":"Fresh produce","order":0,"shelf":null}],"restrictions":{"retailLimit":50,"promotionalLimit":50,"liquorAgeRestrictionFlag":false,"tobaccoAgeRestrictionFlag":false,"restrictedByOrganisation":false,"delivery":["OVN","REMOTE SERVICE"]},"merchandiseHeir":{"tradeProfitCentre":"FRESH PROD","categoryGroup":"FRUIT","category":"BANANAS","subCategory":"OTHER BANANAS","className":"OTHER"},"onlineHeirs":[{"aisle":"Bananas","category":"Fruit","subCategory":"Fruit \u0026 vegetables","categoryId":"1302","aisleId":"1700","subCategoryId":"2100"}],"pricing":{"now":0.99,"was":0,"unit":{"quantity":180,"ofMeasureQuantity":1,"ofMeasureUnits":"g","price":5.5,"ofMeasureType":"g","isWeighted":true},"comparable":"$5.50 per 1kg","onlineSpecial":false}},{"_type":"PRODUCT","id":1039770,"adId":null,"adSource":null,"featured":false,"name":"Organic Bananas","brand":"Coles","description":"ORGANIC:BANANA:.:PER KG","size":"approx. 180g each","availability":true,"availabilityType":"InStoreAndOnline","imageUris":[{"altText":"","type":"default","uri":"/1/1039770.jpg"}],"locations":[{"aisleSide":"Front of Store","description":"Located in Fresh produce at $STORE","facing":0,"aisle":"Fresh produce","order":0,"shelf":null}],"restrictions":{"retailLimit":50,"promotionalLimit":50,"liquorAgeRestrictionFlag":false,"tobaccoAgeRestrictionFlag":false,"restrictedByOrganisation":false,"delivery":["REMOTE SERVICE"]},"merchandiseHeir":{"tradeProfitCentre":"FRESH PROD","categoryGroup":"VEGETABLES/SALAD","category":"ORGANIC FRUIT \u0026 VEG","subCategory":"FRUIT 1","className":"BANANAS"},"onlineHeirs":[{"aisle":"Organic Fruit","category":"Fruit","subCategory":"Fruit \u0026 vegetables","categoryId":"1302","aisleId":"1309","subCategoryId":"2100"},{"aisle":"Bananas","category":"Fruit","subCategory":"Fruit \u0026 vegetables","categoryId":"1302","aisleId":"1700","subCategoryId":"2100"},{"aisle":"Organic Fruits","category":"Organic Fruits \u0026 Vegetables","subCategory":"Fruit \u0026 vegetables","categoryId":"8892201","aisleId":"8892202","subCategoryId":"2100"}],"pricing":{"now":1.08,"was":0,"unit":{"quantity":180,"ofMeasureQuantity":1,"ofMeasureUnits":"g","price":6,"ofMeasureType":"g","isWeighted":true},"comparable":"$6.00 per 1kg","onlineSpecial":false}},{"_type":"PRODUCT","id":3987844,"adId":null,"adSource":null,"featured":false,"name":"Organic Frozen Banana","brand":"Oob","description":"OOB ORGANIC FROZEN BANANA 450G","size":"450g","availability":true,"availabilityType":"InStoreAndOnline","imageUris":[{"altText":"","type":"default","uri":"/3/3987844.jpg"}],"locations":[{"aisleSide":null,"description":"Aisle information is not available for this product. Please ask a Team Member at $STORE to help you find this product.","facing":0,"aisle":null,"order":9999,"shelf":null}],"restrictions":{"retailLimit":20,"promotionalLimit":12,"liquorAgeRestrictionFlag":false,"tobaccoAgeRestrictionFlag":false,"restrictedByOrganisation":false},"merchandiseHeir":{"tradeProfitCentre":"DAIRY","categoryGroup":"DAIRY","category":"FROZEN DESSERTS","subCategory":"FROZEN FRUIT","className":"BANANA"},"onlineHeirs":[{"aisle":"Tropical","category":"Frozen fruit","subCategory":"Frozen","categoryId":"85613","aisleId":"85635","subCategoryId":"85471"}],"pricing":{"now":8,"was":0,"unit":{"quantity":1,"ofMeasureQuantity":100,"ofMeasureUnits":"g","price":1.78,"ofMeasureType":"g","isWeighted":false},"comparable":"$1.78 per 100g","promotionType":"SPECIAL","specialType":"MULTI_SAVE","onlineSpecial":false,"offerDescription":"Pick any 2 for $14","multiBuyPromotion":{"type":"MultibuyMultiSku","id":"727626886","minQuantity":2,"reward":7}}},{"_type":"PRODUCT","id":5556581,"adId":null,"adSource":null,"featured":false,"name":"Bananas                                                                                                                         ","brand":"Lifesavers","description":"LIFESAVERS BANANAS 160G","size":"160g","availability":true,"availabilityType":"InStoreAndOnline","imageUris":[{"altText":"","type":"default","uri":"/5/5556581.jpg"}],"locations":[{"aisleSide":null,"description":"Aisle information is not available for this product. Please ask a Team Member at $STORE to help you find this product.","facing":0,"aisle":null,"order":9999,"shelf":null}],"restrictions":{"retailLimit":20,"promotionalLimit":12,"liquorAgeRestrictionFlag":false,"tobaccoAgeRestrictionFlag":false,"restrictedByOrganisation":false},"collectableCampaign":"Coles Super Hero Builders","merchandiseHeir":{"tradeProfitCentre":"GROCERY","categoryGroup":"IMPULSE","category":"CONFECTIONERY","subCategory":"PRE-BAG","className":"CANDY"},"onlineHeirs":[{"aisle":"Lollies","category":"Confectionery","subCategory":"Pantry","categoryId":"7732","aisleId":"7708","subCategoryId":"10302"},{"aisle":"Candy","category":"Darrell Lea","subCategory":"Bonus Characters","categoryId":"8911410","aisleId":"8911469","subCategoryId":"8909800"}],"pricing":{"now":4,"was":0,"unit":{"quantity":1,"ofMeasureQuantity":100,"ofMeasureUnits":"g","price":2.5,"ofMeasureType":"g","isWeighted":false},"comparable":"$2.50 per 100g","promotionType":"BONUSCOLLECTABLE","onlineSpecial":false}},{"_type":"PRODUCT","id":9120090,"adId":null,"adSource":null,"featured":false,"name":"Banana Bread","brand":"Coles","description":"COLES BANANA BREAD","size":"550g","availability":true,"availabilityType":"InStoreAndOnline","imageUris":[{"altText":"","type":"default","uri":"/9/9120090.jpg"}],"locations":[{"aisleSide":null,"description":"Aisle information is not available for this product. Please ask a Team Member at $STORE to help you find this product.","facing":0,"aisle":null,"order":9999,"shelf":null}],"restrictions":{"retailLimit":20,"promotionalLimit":12,"liquorAgeRestrictionFlag":false,"tobaccoAgeRestrictionFlag":false,"restrictedByOrganisation":false,"delivery":["TEMP"]},"merchandiseHeir":{"tradeProfitCentre":"BAKEHOUSE","categoryGroup":"BAKERY CAKES/YEAST","category":"BAKERY PACKAGED CAKE","subCategory":"LOAF CAKES","className":"UNICED"},"onlineHeirs":[{"aisle":"Loaf Cakes","category":"Packaged Cakes \u0026 Sweet Treats","subCategory":"Bakery","categoryId":"8892916","aisleId":"8892988","subCategoryId":"8892906"}],"pricing":{"now":5.6,"was":0,"unit":{"quantity":1,"ofMeasureQuantity":100,"ofMeasureUnits":"g","price":1.02,"ofMeasureType":"g","isWeighted":false},"comparable":"$1.02 per 100g","promotionType":"EVERYDAY","onlineSpecial":false}},{"_type":"PRODUCT","id":2728964,"adId":null,"adSource":null,"featured":false,"name":"Banana Muffins","brand":"Coles","description":"COLES BANANA MUFFIN 9PK","size":"9 Pack","availability":true,"availabilityType":"InStoreAndOnline","imageUris":[{"altText":"","type":"default","uri":"/2/2728964.jpg"}],"locations":[{"aisleSide":null,"description":"Aisle information is not available for this product. Please ask a Team Member at $STORE to help you find this product.","facing":0,"aisle":null,"order":9999,"shelf":null}],"restrictions":{"retailLimit":20,"promotionalLimit":12,"liquorAgeRestrictionFlag":false,"tobaccoAgeRestrictionFlag":false,"restrictedByOrganisation":false,"delivery":["TEMP"]},"merchandiseHeir":{"tradeProfitCentre":"BAKEHOUSE","categoryGroup":"BAKERY CAKES/YEAST","category":"BAKERY PACKAGED CAKE","subCategory":"MUFFIN","className":"STANDARD"},"onlineHeirs":[{"aisle":"Muffins \u0026 Muffin Bars","category":"Packaged Cakes \u0026 Sweet Treats","subCategory":"Bakery","categoryId":"8892916","aisleId":"8892989","subCategoryId":"8892906"}],"pricing":{"now":4.7,"was":0,"unit":{"quantity":1,"ofMeasureQuantity":1,"ofMeasureUnits":"ea","price":0.52,"ofMeasureType":"ea","isWeighted":false},"comparable":"$0.52 per 1ea","promotionType":"SPECIAL","specialType":"MULTI_SAVE","onlineSpecial":false,"offerDescription":"Pick any 2 for $8","multiBuyPromotion":{"type":"MultibuyMultiSku","id":"727595533","minQuantity":2,"reward":4}}},{"_type":"PRODUCT","id":4928090,"adId":null,"adSource":null,"featured":false,"name":"Frozen Fruit Chocolate Banana Bites","brand":"Serious","description":"SERIOUS FRUIT CHOCOLATE BANANA BITES 250G","size":"250g","availability":true,"availabilityType":"InStoreAndOnline","imageUris":[{"altText":"","type":"default","uri":"/4/4928090.jpg"}],"locations":[{"aisleSide":null,"description":"Aisle information is not available for this product. Please ask a Team Member at $STORE to help you find this product.","facing":0,"aisle":null,"order":9999,"shelf":null}],"restrictions":{"retailLimit":20,"promotionalLimit":12,"liquorAgeRestrictionFlag":false,"tobaccoAgeRestrictionFlag":false,"restrictedByOrganisation":false},"merchandiseHeir":{"tradeProfitCentre":"DAIRY","categoryGroup":"DAIRY","category":"FROZEN DESSERTS","subCategory":"FROZEN FRUIT","className":"BANANA"},"onlineHeirs":[{"aisle":"Tropical","category":"Frozen fruit","subCategory":"Frozen","categoryId":"85613","aisleId":"85635","subCategoryId":"85471"}],"pricing":{"now":7,"was":7.5,"saveAmount":0.5,"saveStatement":"save $0.50","unit":{"quantity":1,"ofMeasureQuantity":100,"ofMeasureUnits":"g","price":2.8,"ofMeasureType":"g","isWeighted":false},"comparable":"$2.80 per 100g","promotionType":"SPECIAL","onlineSpecial":false}},{"_type":"PRODUCT","id":3017655,"adId":null,"adSource":null,"featured":false,"name":"Banana Chips","brand":"Coles","description":"COLES BANANA CHIPS 200G","size":"200g","availability":true,"availabilityType":"InStoreAndOnline","imageUris":[{"altText":"","type":"default","uri":"/3/3017655.jpg"}],"locations":[{"aisleSide":null,"description":"Aisle information is not available for this product. Please ask a Team Member at $STORE to help you find this product.","facing":0,"aisle":null,"order":9999,"shelf":null}],"restrictions":{"retailLimit":24,"promotionalLimit":24,"liquorAgeRestrictionFlag":false,"tobaccoAgeRestrictionFlag":false,"restrictedByOrganisation":false},"merchandiseHeir":{"tradeProfitCentre":"GROCERY","categoryGroup":"MEAL SOLUTIONS","category":"DRIED FRUIT/NUTS","subCategory":"SNACKING","className":"FRUIT"},"onlineHeirs":[{"aisle":"Muesli bars \u0026 fruit snacks","category":"Chips, crackers \u0026 snacks","subCategory":"Pantry","categoryId":"7557","aisleId":"7463","subCategoryId":"10302"}],"pricing":{"now":2,"was":0,"unit":{"quantity":1,"ofMeasureQuantity":1,"ofMeasureUnits":"kg","price":10,"ofMeasureType":"kg","isWeighted":false},"comparable":"$10.00 per 1kg","promotionType":"EVERYDAY","onlineSpecial":false}},{"_type":"PRODUCT","id":5577038,"adId":null,"adSource":null,"featured":false,"name":"Banana Caramel Cake","brand":"Coles","description":"COLES BANANA CARAMEL CAKE","size":"400g","availability":true,"availabilityType":"InStoreAndOnline","imageUris":[{"altText":"","type":"default","uri":"/5/5577038.jpg"}],"locations":[{"aisleSide":null,"description":"Aisle information is not available for this product. Please ask a Team Member at $STORE to help you find this product.","facing":0,"aisle":null,"order":9999,"shelf":null}],"restrictions":{"retailLimit":20,"promotionalLimit":12,"liquorAgeRestrictionFlag":false,"tobaccoAgeRestrictionFlag":false,"restrictedByOrganisation":false},"merchandiseHeir":{"tradeProfitCentre":"BAKEHOUSE","categoryGroup":"BAKERY CAKES/YEAST","category":"BAKERY PACKAGED CAKE","subCategory":"CAKES","className":"UNICED"},"onlineHeirs":[{"aisle":"Sponge \u0026 Mud Cakes","category":"Packaged Cakes \u0026 Sweet Treats","subCategory":"Bakery","categoryId":"8892916","aisleId":"8892986","subCategoryId":"8892906"}],"pricing":{"now":5.5,"was":0,"unit":{"quantity":1,"ofMeasureQuantity":100,"ofMeasureUnits":"g","price":1.38,"ofMeasureType":"g","isWeighted":false},"comparable":"$1.38 per 100g","onlineSpecial":false}},{"_type":"PRODUCT","id":5295455,"adId":null,"adSource":null,"featured":false,"name":"Banana Pouch","brand":"Pauls","description":"PAULS CUSTARD BANANA POUCH 70G","size":"70g","availability":true,"availabilityType":"InStoreAndOnline","imageUris":[{"altText":"","type":"default","uri":"/5/5295455.jpg"}],"locations":[{"aisleSide":null,"description":"Aisle information is not available for this product. Please ask a Team Member at $STORE to help you find this product.","facing":0,"aisle":null,"order":9999,"shelf":null}],"restrictions":{"retailLimit":20,"promotionalLimit":12,"liquorAgeRestrictionFlag":false,"tobaccoAgeRestrictionFlag":false,"restrictedByOrganisation":false},"merchandiseHeir":{"tradeProfitCentre":"DAIRY","categoryGroup":"DAIRY","category":"CHILLED DESSERTS","subCategory":"YOGHURT","className":"KIDS"},"onlineHeirs":[{"aisle":"Yoghurt","category":"Dairy","subCategory":"Dairy, eggs \u0026 fridge","categoryId":"79546","aisleId":"7554664","subCategoryId":"1300"}],"pricing":{"now":1.9,"was":0,"unit":{"quantity":1,"ofMeasureQuantity":100,"ofMeasureUnits":"g","price":2.71,"ofMeasureType":"g","isWeighted":false},"comparable":"$2.71 per 100g","onlineSpecial":false}},{"_type":"PRODUCT","id":6386670,"adId":null,"adSource":null,"featured":false,"name":"Lifesavers Banana Block","brand":"Darrell Lea","description":"LIFE SAVERS BANANA BLOCK 160G","size":"160g","availability":true,"availabilityType":"InStoreAndOnline","imageUris":[{"altText":"","type":"default","uri":"/6/6386670.jpg"}],"locations":[{"aisleSide":null,"description":"Aisle information is not available for this product. Please ask a Team Member at $STORE to help you find this product.","facing":0,"aisle":null,"order":9999,"shelf":null}],"restrictions":{"retailLimit":20,"promotionalLimit":12,"liquorAgeRestrictionFlag":false,"tobaccoAgeRestrictionFlag":false,"restrictedByOrganisation":false},"collectableCampaign":"Coles Super Hero Builders","merchandiseHeir":{"tradeProfitCentre":"GROCERY","categoryGroup":"IMPULSE","category":"CONFECTIONERY","subCategory":"BLOCK CHOCOLATE","className":"EVERYDAY"},"onlineHeirs":[{"aisle":"Chocolate blocks","category":"Confectionery","subCategory":"Pantry","categoryId":"7732","aisleId":"8880202","subCategoryId":"10302"},{"aisle":"Chocolate Blocks","category":"Darrell Lea","subCategory":"Bonus Characters","categoryId":"8911410","aisleId":"8911471","subCategoryId":"8909800"}],"pricing":{"now":5.5,"was":0,"unit":{"quantity":1,"ofMeasureQuantity":100,"ofMeasureUnits":"g","price":3.44,"ofMeasureType":"g","isWeighted":false},"comparable":"$3.44 per 100g","promotionType":"BONUSCOLLECTABLE","onlineSpecial":false}},{"_type":"PRODUCT","id":5221812,"adId":null,"adSource":null,"featured":false,"name":"Dried Banana Chips","brand":"Coles","description":"COLES BANANA CHIPS:DRIED:.:400 GRAM","size":"400g","availability":true,"availabilityType":"InStoreAndOnline","imageUris":[{"altText":"","type":"default","uri":"/5/5221812.jpg"}],"locations":[{"aisleSide":"Front of Store","description":"Located in Fresh produce at $STORE","facing":0,"aisle":"Fresh produce","order":0,"shelf":null}],"restrictions":{"retailLimit":20,"promotionalLimit":12,"liquorAgeRestrictionFlag":false,"tobaccoAgeRestrictionFlag":false,"restrictedByOrganisation":false,"delivery":["REMOTE SERVICE","TEMP"]},"merchandiseHeir":{"tradeProfitCentre":"FRESH PROD","categoryGroup":"FRUIT","category":"NUTS/DRIED","subCategory":"SNACKS","className":"PREPACKED"},"onlineHeirs":[{"aisle":"Muesli bars \u0026 fruit snacks","category":"Chips, crackers \u0026 snacks","subCategory":"Pantry","categoryId":"7557","aisleId":"7463","subCategoryId":"10302"},{"aisle":"Other Nuts","category":"Nuts \u0026 dried fruit","subCategory":"Fruit \u0026 vegetables","categoryId":"1723","aisleId":"8892410","subCategoryId":"2100"},{"aisle":"Pretzels \u0026 party mixes","category":"Nuts \u0026 dried fruit","subCategory":"Fruit \u0026 vegetables","categoryId":"1723","aisleId":"8892413","subCategoryId":"2100"}],"pricing":{"now":5.5,"was":0,"unit":{"quantity":1,"ofMeasureQuantity":1,"ofMeasureUnits":"kg","price":13.75,"ofMeasureType":"kg","isWeighted":false},"comparable":"$13.75 per 1kg","onlineSpecial":false}},{"_type":"PRODUCT","id":3996947,"adId":null,"adSource":null,"featured":false,"name":"Traditional Banana Bread","brand":"Green's","description":"GREENS TRADITIONAL BANANA BREAD 400G","size":"400g","availability":true,"availabilityType":"InStoreAndOnline","imageUris":[{"altText":"","type":"default","uri":"/3/3996947.jpg"}],"locations":[{"aisleSide":null,"description":"Aisle information is not available for this product. Please ask a Team Member at $STORE to help you find this product.","facing":0,"aisle":null,"order":9999,"shelf":null}],"restrictions":{"retailLimit":24,"promotionalLimit":24,"liquorAgeRestrictionFlag":false,"tobaccoAgeRestrictionFlag":false,"restrictedByOrganisation":false},"merchandiseHeir":{"tradeProfitCentre":"GROCERY","categoryGroup":"MEAL SOLUTIONS","category":"BAKING MIXES","subCategory":"CAKE","className":"FAMILY"},"onlineHeirs":[{"aisle":"Cake \u0026 bread mixes","category":"Baking","subCategory":"Pantry","categoryId":"8756","aisleId":"8423","subCategoryId":"10302"}],"pricing":{"now":2.5,"was":3,"saveAmount":0.5,"priceDescription":"Was $3.00 on Jul 2023","unit":{"quantity":1,"ofMeasureQuantity":100,"ofMeasureUnits":"g","price":0.62,"ofMeasureType":"g","isWeighted":false},"comparable":"$0.63 per 100g","promotionType":"DROPPEDLOCKED","onlineSpecial":false,"promotionDescription":"Until 26 Sep 2023"}},{"_type":"PRODUCT","id":3883747,"adId":null,"adSource":null,"featured":false,"name":"Banana Muffin Bars","brand":"Coles","description":"COLES BANANA MUFFIN BARS 10PK","size":"420g","availability":true,"availabilityType":"InStoreAndOnline","imageUris":[{"altText":"","type":"default","uri":"/3/3883747.jpg"}],"locations":[{"aisleSide":null,"description":"Aisle information is not available for this product. Please ask a Team Member at $STORE to help you find this product.","facing":0,"aisle":null,"order":9999,"shelf":null}],"restrictions":{"retailLimit":20,"promotionalLimit":12,"liquorAgeRestrictionFlag":false,"tobaccoAgeRestrictionFlag":false,"restrictedByOrganisation":false},"merchandiseHeir":{"tradeProfitCentre":"BAKEHOUSE","categoryGroup":"BAKERY CAKES/YEAST","category":"BAKERY PACKAGED CAKE","subCategory":"MUFFIN","className":"BARS"},"onlineHeirs":[{"aisle":"Muffins \u0026 Muffin Bars","category":"Packaged Cakes \u0026 Sweet Treats","subCategory":"Bakery","categoryId":"8892916","aisleId":"8892989","subCategoryId":"8892906"},{"aisle":"Cakes \u0026 snacks","category":"Bread \u0026 bakery","subCategory":"Dropped \u0026 Locked","categoryId":"8906009","aisleId":"8906022","subCategoryId":"8906007"}],"pricing":{"now":5.85,"was":0,"unit":{"quantity":1,"ofMeasureQuantity":100,"ofMeasureUnits":"g","price":1.39,"ofMeasureType":"g","isWeighted":false},"comparable":"$1.39 per 100g","onlineSpecial":false}},{"_type":"PRODUCT","id":5254979,"adId":null,"adSource":null,"featured":false,"name":"Banana Chips","brand":"Kozhikoden's","description":"KOZHIKODEN'S BANANA CHIPS 200G","size":"200g","availability":true,"availabilityType":"InStoreAndOnline","imageUris":[{"altText":"","type":"default","uri":"/5/5254979.jpg"}],"locations":[{"aisleSide":null,"description":"Aisle information is not available for this product. Please ask a Team Member at $STORE to help you find this product.","facing":0,"aisle":null,"order":9999,"shelf":null}],"restrictions":{"retailLimit":20,"promotionalLimit":12,"liquorAgeRestrictionFlag":false,"tobaccoAgeRestrictionFlag":false,"restrictedByOrganisation":false},"merchandiseHeir":{"tradeProfitCentre":"GROCERY","categoryGroup":"MEAL SOLUTIONS","category":"ASIAN \u0026 INDIAN FOODS","subCategory":"AUTHENTIC INDIAN","className":"CONFEC/SNACKS"},"onlineHeirs":[{"aisle":"Indian","category":"International foods","subCategory":"Pantry","categoryId":"8904802","aisleId":"8904806","subCategoryId":"10302"}],"pricing":{"now":3.5,"was":0,"unit":{"quantity":1,"ofMeasureQuantity":100,"ofMeasureUnits":"g","price":1.75,"ofMeasureType":"g","isWeighted":false},"comparable":"$1.75 per 100g","onlineSpecial":false}},{"_type":"PRODUCT","id":3501545,"adId":null,"adSource":null,"featured":false,"name":"Banana Custard Pouch","brand":"Coles","description":"COLES CUSTARD POUCH 90G:BANANA:.:90 GRAM","size":"90g","availability":true,"availabilityType":"InStoreAndOnline","imageUris":[{"altText":"","type":"default","uri":"/3/3501545.jpg"}],"locations":[{"aisleSide":null,"description":"Aisle information is not available for this product. Please ask a Team Member at $STORE to help you find this product.","facing":0,"aisle":null,"order":9999,"shelf":null}],"restrictions":{"retailLimit":20,"promotionalLimit":12,"liquorAgeRestrictionFlag":false,"tobaccoAgeRestrictionFlag":false,"restrictedByOrganisation":false},"merchandiseHeir":{"tradeProfitCentre":"GROCERY","categoryGroup":"MEAL SOLUTIONS","category":"DESSERTS (GR)","subCategory":"CUSTARD","className":"UHT"},"onlineHeirs":[{"aisle":"Pancake \u0026 dessert mixes","category":"Baking","subCategory":"Pantry","categoryId":"8756","aisleId":"8757","subCategoryId":"10302"},{"aisle":"Custard, cream \u0026 yoghurt desserts","category":"Desserts","subCategory":"Pantry","categoryId":"8894200","aisleId":"8894202","subCategoryId":"10302"}],"pricing":{"now":0.95,"was":0,"unit":{"quantity":1,"ofMeasureQuantity":100,"ofMeasureUnits":"g","price":1.06,"ofMeasureType":"g","isWeighted":false},"comparable":"$1.06 per 100g","promotionType":"EVERYDAY","onlineSpecial":false}},{"_type":"PRODUCT","id":4348385,"adId":null,"adSource":null,"featured":false,"name":"Kids Yoghurt Banana","brand":"Pauls","description":"PAULS KIDS YOGHURT BANANA 70G","size":"70g","availability":true,"availabilityType":"InStoreAndOnline","imageUris":[{"altText":"","type":"default","uri":"/4/4348385.jpg"}],"locations":[{"aisleSide":null,"description":"Aisle information is not available for this product. Please ask a Team Member at $STORE to help you find this product.","facing":0,"aisle":null,"order":9999,"shelf":null}],"restrictions":{"retailLimit":20,"promotionalLimit":12,"liquorAgeRestrictionFlag":false,"tobaccoAgeRestrictionFlag":false,"restrictedByOrganisation":false},"merchandiseHeir":{"tradeProfitCentre":"DAIRY","categoryGroup":"DAIRY","category":"CHILLED DESSERTS","subCategory":"YOGHURT","className":"KIDS"},"onlineHeirs":[{"aisle":"Yoghurt","category":"Dairy","subCategory":"Dairy, eggs \u0026 fridge","categoryId":"79546","aisleId":"7554664","subCategoryId":"1300"}],"pricing":{"now":1.2,"was":0,"unit":{"quantity":1,"ofMeasureQuantity":100,"ofMeasureUnits":"g","price":1.71,"ofMeasureType":"g","isWeighted":false},"comparable":"$1.71 per 100g","onlineSpecial":false}},{"_type":"PRODUCT","id":3840595,"adId":null,"adSource":null,"featured":false,"name":"Paddle Pop Banana","brand":"Streets","description":"STREETS PADDLE POP BANANA 8 PACK 544ML","size":"544mL","availability":true,"availabilityType":"InStoreAndOnline","imageUris":[{"altText":"","type":"default","uri":"/3/3840595.jpg"}],"locations":[{"aisleSide":null,"description":"Aisle information is not available for this product. Please ask a Team Member at $STORE to help you find this product.","facing":0,"aisle":null,"order":9999,"shelf":null}],"restrictions":{"retailLimit":20,"promotionalLimit":12,"liquorAgeRestrictionFlag":false,"tobaccoAgeRestrictionFlag":false,"restrictedByOrganisation":false,"delivery":["REMOTE SERVICE"]},"merchandiseHeir":{"tradeProfitCentre":"DAIRY","categoryGroup":"DAIRY","category":"ICE CREAM","subCategory":"FAMILY MILK MULTI","className":"MILK MULTI"},"onlineHeirs":[{"aisle":"Ice cream sticks","category":"Ice cream","subCategory":"Frozen","categoryId":"85614","aisleId":"85638","subCategoryId":"85471"}],"pricing":{"now":7,"was":9,"saveAmount":2,"saveStatement":"save $2.00","unit":{"quantity":1,"ofMeasureQuantity":100,"ofMeasureUnits":"ml","price":1.29,"ofMeasureType":"ml","isWeighted":false},"comparable":"$1.29 per 100mL","promotionType":"SPECIAL","onlineSpecial":false}},{"_type":"PRODUCT","id":3034279,"adId":null,"adSource":null,"featured":false,"name":"Banana Flavoured Milk","brand":"Big M","description":"BIG M (OWP) BANANA FLAVOURED MILK:.:600 ML","size":"600mL","availability":true,"availabilityType":"InStoreAndOnline","imageUris":[{"altText":"","type":"default","uri":"/3/3034279.jpg"}],"locations":[{"aisleSide":null,"description":"Aisle information is not available for this product. Please ask a Team Member at $STORE to help you find this product.","facing":0,"aisle":null,"order":9999,"shelf":null}],"restrictions":{"retailLimit":50,"promotionalLimit":12,"liquorAgeRestrictionFlag":null,"tobaccoAgeRestrictionFlag":null,"restrictedByOrganisation":false,"delivery":["OVN","REMOTE SERVICE"]},"merchandiseHeir":{"tradeProfitCentre":"DAIRY","categoryGroup":"DAIRY","category":"DY MILK","subCategory":"FLAVOURED MILK","className":"RAINBOW MILK"},"onlineHeirs":[{"aisle":"Milk flavoured","category":"Milk","subCategory":"Dairy, eggs \u0026 fridge","categoryId":"8881800","aisleId":"8881804","subCategoryId":"1300"}],"pricing":{"now":3.5,"was":0,"unit":{"quantity":1,"ofMeasureQuantity":1,"ofMeasureUnits":"l","price":5.83,"ofMeasureType":"l"},"comparable":"$5.83 per 1L","onlineSpecial":false}},{"_type":"PRODUCT","id":2517754,"adId":null,"adSource":null,"featured":false,"name":"Banana Bread Baking Mix","brand":"Coles","description":"COLES BANANA BREAD 450G","size":"450g","availability":true,"availabilityType":"InStoreAndOnline","imageUris":[{"altText":"","type":"default","uri":"/2/2517754.jpg"}],"locations":[{"aisleSide":null,"description":"Aisle information is not available for this product. Please ask a Team Member at $STORE to help you find this product.","facing":0,"aisle":null,"order":9999,"shelf":null}],"restrictions":{"retailLimit":24,"promotionalLimit":24,"liquorAgeRestrictionFlag":false,"tobaccoAgeRestrictionFlag":false,"restrictedByOrganisation":false},"merchandiseHeir":{"tradeProfitCentre":"GROCERY","categoryGroup":"MEAL SOLUTIONS","category":"BAKING MIXES","subCategory":"CAKE","className":"FAMILY"},"onlineHeirs":[{"aisle":"Cake \u0026 bread mixes","category":"Baking","subCategory":"Pantry","categoryId":"8756","aisleId":"8423","subCategoryId":"10302"}],"pricing":{"now":2.2,"was":0,"unit":{"quantity":1,"ofMeasureQuantity":100,"ofMeasureUnits":"g","price":0.49,"ofMeasureType":"g","isWeighted":false},"comparable":"$0.49 per 100g","onlineSpecial":false}},{"_type":"PRODUCT","id":3059972,"adId":null,"adSource":null,"featured":false,"name":"Frozen Banana Chunks","brand":"Creative Gourmet","description":"CREATIVE GOURMET FROZEN BANANA","size":"500g","availability":true,"availabilityType":"InStoreAndOnline","imageUris":[{"altText":"","type":"default","uri":"/3/3059972.jpg"}],"locations":[{"aisleSide":null,"description":"Aisle information is not available for this product. Please ask a Team Member at $STORE to help you find this product.","facing":0,"aisle":null,"order":9999,"shelf":null}],"restrictions":{"retailLimit":20,"promotionalLimit":12,"liquorAgeRestrictionFlag":false,"tobaccoAgeRestrictionFlag":false,"restrictedByOrganisation":false,"delivery":["TEMP2","OVN","REMOTE SERVICE","TEMP"]},"merchandiseHeir":{"tradeProfitCentre":"DAIRY","categoryGroup":"DAIRY","category":"FROZEN DESSERTS","subCategory":"FROZEN FRUIT","className":"OTHER"},"onlineHeirs":[{"aisle":"Tropical","category":"Frozen fruit","subCategory":"Frozen","categoryId":"85613","aisleId":"85635","subCategoryId":"85471"}],"pricing":{"now":2.5,"was":5,"saveAmount":2.5,"priceDescription":"1/2 Price","savePercent":50,"saveStatement":"save $2.50","unit":{"quantity":1,"ofMeasureQuantity":1,"ofMeasureUnits":"kg","price":5,"ofMeasureType":"kg","isWeighted":false},"comparable":"$5.00 per 1kg","promotionType":"SPECIAL","specialType":"PERCENT_OFF","onlineSpecial":false}}],"catalogGroupView":[{"level":1,"name":"Dropped \u0026 Locked","originalName":"Dropped \u0026 Locked","seoToken":"dropped-locked","id":"8906007","productCount":3,"catalogGroupView":null},{"level":1,"name":"Fruit \u0026 Vegetables","originalName":"Fruit \u0026 vegetables","seoToken":"fruit-vegetables","id":"2100","productCount":9,"catalogGroupView":null},{"level":1,"name":"Dairy, Eggs \u0026 Fridge","originalName":"Dairy, eggs \u0026 fridge","seoToken":"dairy-eggs-fridge","id":"1300","productCount":14,"catalogGroupView":null},{"level":1,"name":"Bakery","originalName":"Bakery","seoToken":"bakery","id":"8892906","productCount":11,"catalogGroupView":null},{"level":1,"name":"Pantry","originalName":"Pantry","seoToken":"pantry","id":"10302","productCount":31,"catalogGroupView":null},{"level":1,"name":"Frozen","originalName":"Frozen","seoToken":"frozen","id":"85471","productCount":9,"catalogGroupView":null},{"level":1,"name":"Bonus Characters","originalName":"Bonus Characters","seoToken":"bonus-characters","id":"8909800","productCount":4,"catalogGroupView":null}],"excludedCatalogGroupView":{"productCount":0}},"searchSessionId":"64410f91-b329-42cd-bb3a-77a6f389275e","sortByValue":"relevance","isRestricted":false,"enableIndexAndFollow":false,"aemContentFragment":{},"aemBrandFragment":{}},"__N_SSP":true},"page":"/search","query":{"q":"bananas"},"buildId":"20230801.02_v3.44.0","runtimeConfig":{"AEM_IMAGE_URL":"https://www.coles.com.au/content/dam/coles","ADOBE_LAUNCH_ANALYTICS_URL":"//assets.adobedtm.com/be8983348498/7775e8833f85/launch-3482e2af0e30.min.js","ADOBE_LAUNCH_ANALYTICS_ID":"0B3D037254C7DE490A4C98A6@AdobeOrg","APP_INSIGHTS_INSTRUMENTATION_KEY":"16daa374-17fb-44f2-986f-cc36e59677cf","BFF_API_SUBSCRIPTION_KEY":"eae83861d1cd4de6bb9cd8a2cd6f041e","CCP_PROFILE_MANAGEMENT_URL":"https://colesgroupprofile.com.au","COL_URL":"https://shop.coles.com.au","COL4BUSINESS_URL":"https://business.coles.com.au","CITRUS_AD_IMAGE_URL":"https://coles.flavedo.io/citrus","CITRUS_HOST_URL":"https://integration.coles.citrusad.com","CITRUS_REFERER_URL":"https://coles.citrusad.com/","CV_CHATBOT_URL":"https://chatbot.coles.com.au/coles_cusp_ui","COLES_BFF_API_URL":"https://prod2apigw.cmltd.net.au/digital/omniweb/v1","COLES_ENV":"prod","PRODUCT_IMAGE_URL":"https://productimages.coles.com.au/productimages","COLES_MPGS_URL":"https://cipg.gateway.mastercard.com/form/version/56/merchant/COL01/session.js","LD_SDK_CLIENT_ID":"61f1f759d7adf9173a4d22b8","AEM_HOST_URL":"https://www.coles.com.au","AEM_ROOT_PATH":"/content/coles-onesite/en","AEM_XF_ROOT_PATH":"/content/experience-fragments/coles-onesite/en/site","AEM_CATEGORY_FRAGMENT_ROOT_PATH":"/graphql/execute.json/coles-onesite/categoryContentDescriptionByPath.cfm.gql.json%3Bpath%3D/content/dam/coles-onesite/contentfragment/category-content-description","AEM_AUTHORIZATION":"YmZmLWFlbS1jdWctY2YtdXNlcjo0NTZ2Z25qRnkxZnYjQA==","BAZAAR_VOICE_API_SRC":"https://apps.bazaarvoice.com/deployments/coles/1site/production/en_AU/bv.js","NEXT_HOST_URL":"https://www.coles.com.au","GOOGLE_RECAPTCHA_V3_KEY":"6LfYn6wiAAAAAK0LBShfbQebZg8mucuEUeAAN8MK","SENTRY_TRACE_SAMPLE_RATE":"0.4","SENTRY_REPLAY_SESSION_SAMPLE_RATE":"0","SENTRY_REPLAY_ERROR_SAMPLE_RATE":"0.1","FLYPAY_WEBSITE_URL":"https://www.flypay.com.au"},"isFallback":false,"gssp":true,"appGip":true,"locale":"en","locales":["en"],"defaultLocale":"en","scriptLoader":[]}</script>
  <script>
    window.colDataUtils = window.colDataUtils || {}

    /* clv */
    window.colDataUtils.cpv = {
      "source": "CUSP",
      "actionFlags": {
        "isColesPlusSingleClickSignUp": false
      }
    }

    /* vlc */
    window.colDataUtils.vlc = {
      "state": {
        "apiStatus": {
          "auth": false,
          "customer": false,
          "customerAttributes": false,
          "trolley": false,
          "subscription": false
        },
        "apiTimers": {
          "startTime": new Date(),
          "auth": "",
          "customer": "",
          "customerAttributes": "",
          "trolley": "",
          "subscription": "",
          "beaconSent": true
        },
        "complete": false
      }
    }
    window.colDataUtils.vlc.getStatus = function () {
      if (
        window.colDataUtils.vlc.state.apiStatus.auth
        && window.colDataUtils.vlc.state.apiStatus.customer
        && window.colDataUtils.vlc.state.apiStatus.customerAttributes
        && window.colDataUtils.vlc.state.apiStatus.trolley
        && window.colDataUtils.vlc.state.apiStatus.subscription
      ) {
        return true;
      } else {
        return false;
      }
    }
    window.colDataUtils.vlc.event = function (eventName, eventDetail) {
      var state = window.colDataUtils.vlc.state;
      var messageData = {};
      if (eventDetail && eventDetail.message && eventDetail.message.data) { messageData = eventDetail.message.data }
      var messageEvent = "";
      if (eventDetail && eventDetail.message && eventDetail.message.event) { messageEvent = eventDetail.message.event }
      switch (eventName) {
        case "auth":
          if (window.colDataUtils.vlc.getStatus() && !state.complete) {
            _satellite.logger.log('vlc: auth fired direct call rule');
            window.clearTimeout(window.colDataUtils.vlc.timer);
            window.colDataUtils.vlc.state.complete = true;
            _satellite.track('view_loaded_complete', { "state": state, "message": { "data": messageData } });
          }
          break;
        case "customer":
          if (window.colDataUtils.vlc.getStatus() && !state.complete) {
            _satellite.logger.log('vlc: customer fired direct call rule');
            window.clearTimeout(window.colDataUtils.vlc.timer);
            window.colDataUtils.vlc.state.complete = true;
            _satellite.track('view_loaded_complete', { "state": state, "message": { "data": messageData } });
          }
          break;
        case "customerAttributes":
          if (window.colDataUtils.vlc.getStatus() && !state.complete) {
            _satellite.logger.log('vlc: customerAttributes fired direct call rule');
            window.clearTimeout(window.colDataUtils.vlc.timer);
            window.colDataUtils.vlc.state.complete = true;
            _satellite.track('view_loaded_complete', { "state": state, "message": { "data": messageData } });
          }
          break;
        case "trolley":
          if (window.colDataUtils.vlc.getStatus() && !state.complete) {
            _satellite.logger.log('vlc: trolley fired direct call rule');
            window.clearTimeout(window.colDataUtils.vlc.timer);
            window.colDataUtils.vlc.state.complete = true;
            _satellite.track('view_loaded_complete', { "state": state, "message": { "data": messageData } });
          }
          break;
        case "subscription":
          if (window.colDataUtils.vlc.getStatus() && !state.complete) {
            _satellite.logger.log('vlc: subscription fired direct call rule');
            window.clearTimeout(window.colDataUtils.vlc.timer);
            window.colDataUtils.vlc.state.complete = true;
            _satellite.track('view_loaded_complete', { "state": state, "message": { "data": messageData } });
          }
          break;
        case "setTimer":
          if (window.colDataUtils.vlc.timer) { window.clearTimeout(window.colDataUtils.vlc.timer); }
          window.colDataUtils.vlc.timer = window.setTimeout(function () {
            _satellite.logger.log('vlc: the timer has expired');
            window.colDataUtils.vlc.state.timer = true;
            window.colDataUtils.vlc.event('vlc', eventDetail ? eventDetail : {});
          }, 2000);
          break;
        case "vlc":
          _satellite.logger.log('vlc: vlc fired direct call rule');
          window.colDataUtils.vlc.state.complete = true;
          switch (messageEvent) {
            case "view_loaded":
              _satellite.track('view_loaded_complete', { "state": state, "message": { "data": messageData } });
              break;
            case "view_active_orders":
              _satellite.track('view_active_orders_complete', { "state": state, "message": { "data": messageData } });
              break;
            case "view_past_orders":
              _satellite.track('view_past_orders_complete', { "state": state, "message": { "data": messageData } });
              break;
            case "view_business_orders":
              _satellite.track('view_business_orders_complete', { "state": state, "message": { "data": messageData } });
              break;
            case "view_approval_requests":
              _satellite.track('view_approval_requests_complete', { "state": state, "message": { "data": messageData } });
              break;
            case "view_order":
              _satellite.track('view_order_complete', { "state": state, "message": { "data": messageData } });
              break;
            case "store_locator_store_search":
              _satellite.track('store_locator_store_search_complete', { "state": state, "message": { "data": messageData } });
              break;
            case "store_locator_store_details":
              _satellite.track('store_locator_store_details_complete', { "state": state, "message": { "data": messageData } });
              break;
            case "catalogue_loaded":
              _satellite.track('catalogue_loaded_complete', { "state": state, "message": { "data": messageData } });
              break;
            default:
              _satellite.track('view_loaded_complete', { "state": state, "message": { "data": messageData } });
          }
          break;
        default:
          return;
      }
    }

    /* tdp */
    window.colDataUtils.tdp = {
      "tiles": [],
      "path": "",
      "orderProducts": [],
      "clickState": {}
    }
    window.colDataUtils.tdp.storeTiles = function (tiles, details) {
      var newTiles = tiles;
      if (details) {
        newTiles = tiles.map(function (tile) {
          return Object.assign({}, tile, details)
        });
      }
      if (colDataUtils.tdp.tiles.length == 0) {
        colDataUtils.tdp.tiles = newTiles;
        colDataUtils.tdp.path = window.location.pathname;
      } else {
        if (colDataUtils.tdp.path == window.location.pathname) {
          colDataUtils.tdp.tiles = colDataUtils.tdp.tiles.concat(newTiles);
        } else {
          colDataUtils.tdp.tiles = newTiles;
          colDataUtils.tdp.path = window.location.pathname;
        }
      }
    }
    window.colDataUtils.tdp.getProductDetails = function (sku, tiles_on_page) {
      var products = tiles_on_page.filter(function (tile) {
        return tile.id == sku;
      });
      if (products.length > 1 && document.querySelectorAll('.promo-product-tile').length > 0) {
        return products[products.length - 1];
      } else {
        return products[0];
      }
    }
    window.colDataUtils.tdp.storeOrderProducts = function (tiles) {
      var newTiles = tiles;
      colDataUtils.tdp.orderProducts = newTiles;
    }
    window.colDataUtils.tdp.getOrderProductDetails = function (sku, tiles_on_page) {
      var products = tiles_on_page.filter(function (tile) {
        return tile.productId == sku;
      });
      if (products.length > 0) {
        return products[products.length - 1];
      }
    }

    /* btd */
    window.colDataUtils.btd = {
      "pids": [],
      "productString": []
    }
    window.colDataUtils.btd.processTiles = function () {
      var pids = window.colDataUtils.btd.pids.join(',');
      var productString = window.colDataUtils.btd.productString.join(',');
      window.colDataUtils.btd.pids = [];
      window.colDataUtils.btd.productString = [];
      _satellite.track('batch_tiles_display', { "pids": pids, "productString": productString });
    }
    window.colDataUtils.btd.batchTiles = function (tiles, details, pids, productString) {
      if (window.colDataUtils.btd.timer) { clearTimeout(window.colDataUtils.btd.timer); }
      if (pids) { window.colDataUtils.btd.pids.push(pids); }
      if (productString) {
        var productStringSplit = productString.split(',');
        for (var i = 0; i < productStringSplit.length; i++) {
          if (window.colDataUtils.btd.productString.indexOf(productStringSplit[i]) == -1) {
            window.colDataUtils.btd.productString.push(productStringSplit[i]);
          }
        }
      }
      window.colDataUtils.btd.timer = setTimeout(window.colDataUtils.btd.processTiles, 2000);
    }
    window.colDataUtils.btd.clearTiles = function () {
      if (window.colDataUtils.btd.timer) { clearTimeout(window.colDataUtils.btd.timer); }
      window.colDataUtils.btd.pids = [];
      window.colDataUtils.btd.productString = [];
    }

    /* alr */
    window.colDataUtils.alr = {
      "flag": false,
      "id": "",
      "state": "unknown"
    }
    if (typeof Storage != "undefined") {
      window.colDataUtils.alr.setState = function (isAuth) {
        var oldState = window.localStorage.getItem('colData:alr:state');
        var newState = isAuth ? "A" : "U";
        if (!oldState || oldState == "A") {
          window.localStorage.setItem('colData:alr:state', newState);
          return null;
        }
        if (oldState == "U") {
          if (newState == "U") {
            return null;
          }
          if (newState == "A") {
            window.localStorage.setItem('colData:alr:state', newState);
            window.colDataUtils.alr.flag = true;
            return null;
          }
        }
      }
    } else {
      window.colDataUtils.alr.setState = function () { }
    }

    /* lsm */
    window.colDataUtils.lsm = {};
    if (typeof Storage != "undefined") {
      window.colDataUtils.lsm.initEvents = function () {
        if (window.localStorage.getItem('colData:lsm:events') == null) {
          window.localStorage.setItem('colData:lsm:events', JSON.stringify([]));
        }
      }
      window.colDataUtils.lsm.queueEvents = function (eventData) {
        if (typeof eventData == "object") {
          var ls = JSON.parse(window.localStorage.getItem('colData:lsm:events'));
          ls.push(eventData);
          window.localStorage.setItem('colData:lsm:events', JSON.stringify(ls));
        }
      }
      window.colDataUtils.lsm.getEvents = function () {
        var ls = JSON.parse(window.localStorage.getItem('colData:lsm:events'));
        return ls;
      }
      window.colDataUtils.lsm.clearEvents = function () {
        window.localStorage.setItem('colData:lsm:events', JSON.stringify([]));
      }
      window.colDataUtils.lsm.initEvents();
    } else {
      window.colDataUtils.lsm.initEvents = function () { }
      window.colDataUtils.lsm.queueEvents = function () { }
      window.colDataUtils.lsm.getEvents = function () { }
      window.colDataUtils.lsm.clearEvents = function () { }
    }

    /* flg */
    window.colDataUtils.flg = { "flags": "" }

    /* tbp */
    window.colDataUtils.tbp = {}
    window.colDataUtils.tbp.imgPixel = function (src) {
      var a = document.createElement('img');
      a.src = src;
      a.style.cssText = 'width:1px; height:1px; border:0px; display:none';
      document.body.appendChild(a);
    }

    /* sar */
    window.colDataUtils.sar = {}
    if (typeof Storage != "undefined") {
      window.colDataUtils.sar.setSearch = function (search) {
        if (search && typeof search == "object" && search.searched) {
          window.sessionStorage.setItem('colData:sar:search', JSON.stringify(search));
        }
      }
      window.colDataUtils.sar.getSearch = function () {
        if (window.location.pathname == "/search" && window.sessionStorage.getItem('colData:sar:search')) {
          return JSON.parse(window.sessionStorage.getItem('colData:sar:search'));
        } else {
          return null;
        }
      }
      window.colDataUtils.sar.clearSearch = function () {
        window.sessionStorage.setItem('colData:sar:search', null);
      }
    } else {
      window.colDataUtils.sar.saveSearch = function () { }
      window.colDataUtils.sar.getSearch = function () { }
      window.colDataUtils.sar.clearSearch = function () { }
    }

    /* gtc */
    window.colDataUtils.gtc = {}
    window.colDataUtils.gtc.setTimeEvent = function (eventName) {
      if (typeof Storage != "undefined") {
        var eventIndex = "colData:gtc:" + eventName;
        window.localStorage.setItem(eventIndex, new Date().toISOString());
      }
    }
    window.colDataUtils.gtc.getTimeEvent = function (eventName) {
      if (typeof Storage != "undefined") {
        var eventIndex = "colData:gtc:" + eventName;
        var startTime = window.localStorage.getItem(eventIndex) ? new Date(window.localStorage.getItem(eventIndex)) : undefined;
        var endTime = new Date();
        if (startTime) {
          window.localStorage.removeItem(eventIndex);
          return ((endTime - startTime) / 1000).toFixed(1);
        }
      }
    }

    /* wft */
    window.colDataUtils.wft = { "customerSummaryView": false, "viewStartGetOffers": true, "authSummaryComplete": false, "enrichmentComplete": false }

    /* omi */
    window.colDataUtils.omi = {}

    /* cfs */
    window.colDataUtils.cfs = {}
    window.colDataUtils.cfs.sendToCFS = function () {
      var a = document.createElement('img');
      a.style.cssText = 'width:1px; height:1px; border:0px; display:none';
      var reportSuite = _satellite.getVar('CC | Adobe Analytics | Report Suite') == "colesonline-coles-global-prod" ? "coles-prd" : "coles-dev";
      var srcArray = [];
      srcArray.push("https://colesonline.sc.omtrdc.net/b/ss/" + reportSuite + "/1?AQB=1&mcorgid=0B3D037254C7DE490A4C98A6@AdobeOrg");
      srcArray.push("g=" + encodeURIComponent(window.location.href));
      srcArray.push("pageName=" + encodeURIComponent(_satellite.getVar('CC | Page Name')));
      srcArray.push("mid=" + _satellite.getVar('ID | ECID'));
      if (_satellite.getVar('CC | Tracking Code')) { srcArray.push("v0=" + encodeURIComponent(_satellite.getVar('CC | Tracking Code'))); }
      srcArray.push("v80=" + encodeURIComponent(window.location.href));
      srcArray.push("v148=" + encodeURIComponent(window.location.hostname) + encodeURIComponent(window.location.pathname));
      if (window.location.search) { srcArray.push("v149=" + encodeURIComponent(window.location.search)); } else { srcArray.push("v149=" + "No%20Query%20Parameters"); }
      srcArray.push("v150=" + encodeURIComponent(_satellite.getVar('CC | Page Name')));
      srcArray.push("AQE=1");
      var src = srcArray.join("&");
      a.src = src;
      document.body.appendChild(a);
    }

    /* apl */
    window.colDataUtils.apl = function (lv, va, d1, d2, cc) { var b = lv, d = va, e = d1, c = d2, g = cc; if ("-v" === b) return { plugin: "apl", version: "4.0" }; var h = function () { if ("undefined" !== typeof window.s_c_il) for (var k = 0, b; k < window.s_c_il.length; k++)if (b = window.s_c_il[k], b._c && "s_c" === b._c) return b }(); "undefined" !== typeof h && (h.contextData.apl = "4.0"); window.inList = window.inList || function (b, d, c, e) { if ("string" !== typeof d) return !1; if ("string" === typeof b) b = b.split(c || ","); else if ("object" !== typeof b) return !1; c = 0; for (a = b.length; c < a; c++)if (1 == e && d === b[c] || d.toLowerCase() === b[c].toLowerCase()) return !0; return !1 }; if (!b || "string" === typeof b) { if ("string" !== typeof d || "" === d) return b; e = e || ","; c = c || e; 1 == c && (c = e, g || (g = 1)); 2 == c && 1 != g && (c = e); d = d.split(","); h = d.length; for (var f = 0; f < h; f++)window.inList(b, d[f], e, g) || (b = b ? b + c + d[f] : d[f]) } return b };

    /* rfl */
    window.colDataUtils.rfl = function (lv, vr, d1, d2, df) { var b = lv, f = vr, e = d1, h = d2, g = df; if ("-v" === b) return { plugin: "rfl", version: "2.1" }; a: { if ("undefined" !== typeof window.s_c_il) { var c = 0; for (var a; c < window.s_c_il.length; c++)if (a = window.s_c_il[c], a._c && "s_c" === a._c) { c = a; break a } } c = void 0 } "undefined" !== typeof c && (c.contextData.rfl = "2.1"); if (!b || !f) return ""; c = []; a = ""; e = e || ","; h = h || e; g = g || !1; b = b.split(e); e = b.length; for (var d = 0; d < e; d++)-1 < b[d].indexOf(":") && (a = b[d].split(":"), a[1] = a[0] + ":" + a[1], b[d] = a[0]), -1 < b[d].indexOf("=") && (a = b[d].split("="), a[1] = a[0] + "=" + a[1], b[d] = a[0]), b[d] !== f && a ? c.push(a[1]) : b[d] !== f ? c.push(b[d]) : b[d] === f && g && (a ? c.push(a[1]) : c.push(b[d]), g = !1), a = ""; return c.join(h) };
  </script>
  <script>
    window.targetPageParamsAll = function () {
      return _satellite.getVar('CC | Adobe Target | Page Params All');
    }
  </script>
  <script>_satellite["_runScript1"](function (event, target, Promise) {
      window.atDataReadyInitialised = false;
      _satellite.logger.log('debug target', 'added event listener to at-library-loaded');
      document.addEventListener('at-library-loaded', function () {
        initialAdobeTargetCall();
      });

      function initialAdobeTargetCall() {
        _satellite.logger.log('debug target', 'running initialAdobeTargetCall function and first getOffers request');
        // target exists - so can start a window timer starting from this library initialisation that will be used in the enrichment_status_check note setTimeout is non-blocking
        window.enrichmentDataTimer = setTimeout(function () {
          window.enrichmentDataTimeoutReached = true;
        }, 10000);
        // target exists - fire stateless request straight away
        adobe.target.getOffers({
          request: {
            property: {
              token: _satellite.getVar('CC | Adobe Target | AT Property'),
            },
            execute: {
              pageLoad: {
                parameters: {
                  at: "pgload",
                },
              },
            },
            prefetch: {
              views: [
                {
                  parameters: {
                    at: "pgload",
                  },
                },
              ],
            },
          },
          consumerId: "pageLoad",
        })
          .then((response) => adobe.target.applyOffers({ response: response }))
          .then(() => {
            // run a pageview/name initial
            _satellite.logger.log('getOffers at pgload - adobe.target was defined run stateless getOffers');
            if (window.location.pathname.replace(/\/$/, '') == "" || window.location.pathname.replace(/\/$/, '') == "/new") {
              window.adobe.target.triggerView('pageview_1/home');
            } else {
              window.adobe.target.triggerView('pageview_1' + window.location.pathname.replace(/\/$/, ''));
            }
            window.adobe.target.triggerView('pageview_1');
          })
          .catch((error) => {
            _satellite.logger.log('error' + error);
          });
      }
    });</script>
  <script>_satellite["_runScript2"](function (event, target, Promise) {
      (function () {
        var mbox;
        var tokens = [];
        // add the adobe target response token event listener
        document.addEventListener(adobe.target.event.REQUEST_SUCCEEDED, getEventData);
        function getEventData(e) {
          // check to verify necessary information is present
          if (e.detail && e.detail.responseTokens) {
            // store the token and mbox data
            tokens = tokens.concat(e.detail.responseTokens);
            // send logs for testing
            _satellite.logger.log("got response tokens from target request");
            _satellite.logger.log(tokens);
            // send the response data when decibel is ready
            if (window.hasOwnProperty('decibelInsight')) {
              decibelInsight('ready', sendAdobeEvent);
            } else {
              window['_da_ready'] = sendAdobeEvent;
            }
          }
        }
        // send the ATDecibelTokens custom event when decibel is ready
        function sendAdobeEvent() {
          var adobe_event = new CustomEvent("ATDecibelTokens", {
            detail: {
              tokens: tokens
            }
          });
          document.dispatchEvent(adobe_event);
          _satellite.logger.log("dispatched ATDecibelTokens event");
          _satellite.logger.log(tokens);
        }
      })();
    });</script>
  <script async="" src="https://www.googletagmanager.com/gtag/js?id=G-C8RCBCKHNM"></script>
  <script src="https://nebula-cdn.kampyle.com/au/wau/149543/onsite/embed.js" type="text/javascript" async=""></script>
  <div class="LinesEllipsis-canvas product__title" aria-hidden="true"
    style="box-sizing: border-box; width: 169px; font-size: 16px; font-weight: 400; font-family: SourceSansPro-SemiBold, &quot;Lucida Sans&quot;, sans-serif; font-style: normal; letter-spacing: normal; text-indent: 0px; white-space: normal; word-break: normal; overflow-wrap: normal; padding: 0px; position: absolute; bottom: 0px; left: 0px; height: 0px; overflow: hidden; border: none;">
    <span class="LinesEllipsis-unit">F</span><span class="LinesEllipsis-unit">r</span><span
      class="LinesEllipsis-unit">e</span><span class="LinesEllipsis-unit">s</span><span
      class="LinesEllipsis-unit">h</span><span class="LinesEllipsis-unit"> </span><span
      class="LinesEllipsis-unit">B</span><span class="LinesEllipsis-unit">a</span><span
      class="LinesEllipsis-unit">n</span><span class="LinesEllipsis-unit">a</span><span
      class="LinesEllipsis-unit">n</span><span class="LinesEllipsis-unit">a</span><span
      class="LinesEllipsis-unit">s</span><span class="LinesEllipsis-unit"> </span><span
      class="LinesEllipsis-unit">|</span><span class="LinesEllipsis-unit"> </span><span
      class="LinesEllipsis-unit">a</span><span class="LinesEllipsis-unit">p</span><span
      class="LinesEllipsis-unit">p</span><span class="LinesEllipsis-unit">r</span><span
      class="LinesEllipsis-unit">o</span><span class="LinesEllipsis-unit">x</span><span class="LinesEllipsis-unit">
    </span><span class="LinesEllipsis-unit">1</span><span class="LinesEllipsis-unit">8</span><span
      class="LinesEllipsis-unit">0</span><span class="LinesEllipsis-unit">g</span></div>
  <div class="LinesEllipsis-canvas product__title" aria-hidden="true"
    style="box-sizing: border-box; width: 169px; font-size: 16px; font-weight: 400; font-family: SourceSansPro-SemiBold, &quot;Lucida Sans&quot;, sans-serif; font-style: normal; letter-spacing: normal; text-indent: 0px; white-space: normal; word-break: normal; overflow-wrap: normal; padding: 0px; position: absolute; bottom: 0px; left: 0px; height: 0px; overflow: hidden; border: none;">
    <span class="LinesEllipsis-unit">C</span><span class="LinesEllipsis-unit">o</span><span
      class="LinesEllipsis-unit">l</span><span class="LinesEllipsis-unit">e</span><span
      class="LinesEllipsis-unit">s</span><span class="LinesEllipsis-unit"> </span><span
      class="LinesEllipsis-unit">K</span><span class="LinesEllipsis-unit">i</span><span
      class="LinesEllipsis-unit">d</span><span class="LinesEllipsis-unit">s</span><span class="LinesEllipsis-unit">
    </span><span class="LinesEllipsis-unit">P</span><span class="LinesEllipsis-unit">a</span><span
      class="LinesEllipsis-unit">c</span><span class="LinesEllipsis-unit">k</span><span class="LinesEllipsis-unit">
    </span><span class="LinesEllipsis-unit">B</span><span class="LinesEllipsis-unit">a</span><span
      class="LinesEllipsis-unit">n</span><span class="LinesEllipsis-unit">a</span><span
      class="LinesEllipsis-unit">n</span><span class="LinesEllipsis-unit">a</span><span
      class="LinesEllipsis-unit">s</span><span class="LinesEllipsis-unit"> </span><span
      class="LinesEllipsis-unit">|</span><span class="LinesEllipsis-unit"> </span><span
      class="LinesEllipsis-unit">7</span><span class="LinesEllipsis-unit">5</span><span
      class="LinesEllipsis-unit">0</span><span class="LinesEllipsis-unit">g</span></div>
  <div class="LinesEllipsis-canvas product__title" aria-hidden="true"
    style="box-sizing: border-box; width: 169px; font-size: 16px; font-weight: 400; font-family: SourceSansPro-SemiBold, &quot;Lucida Sans&quot;, sans-serif; font-style: normal; letter-spacing: normal; text-indent: 0px; white-space: normal; word-break: normal; overflow-wrap: normal; padding: 0px; position: absolute; bottom: 0px; left: 0px; height: 0px; overflow: hidden; border: none;">
    <span class="LinesEllipsis-unit">C</span><span class="LinesEllipsis-unit">o</span><span
      class="LinesEllipsis-unit">l</span><span class="LinesEllipsis-unit">e</span><span
      class="LinesEllipsis-unit">s</span><span class="LinesEllipsis-unit"> </span><span
      class="LinesEllipsis-unit">L</span><span class="LinesEllipsis-unit">a</span><span
      class="LinesEllipsis-unit">d</span><span class="LinesEllipsis-unit">y</span><span class="LinesEllipsis-unit">
    </span><span class="LinesEllipsis-unit">F</span><span class="LinesEllipsis-unit">i</span><span
      class="LinesEllipsis-unit">n</span><span class="LinesEllipsis-unit">g</span><span
      class="LinesEllipsis-unit">e</span><span class="LinesEllipsis-unit">r</span><span class="LinesEllipsis-unit">
    </span><span class="LinesEllipsis-unit">B</span><span class="LinesEllipsis-unit">a</span><span
      class="LinesEllipsis-unit">n</span><span class="LinesEllipsis-unit">a</span><span
      class="LinesEllipsis-unit">n</span><span class="LinesEllipsis-unit">a</span><span
      class="LinesEllipsis-unit">s</span><span class="LinesEllipsis-unit"> </span><span
      class="LinesEllipsis-unit">|</span><span class="LinesEllipsis-unit"> </span><span
      class="LinesEllipsis-unit">a</span><span class="LinesEllipsis-unit">p</span><span
      class="LinesEllipsis-unit">p</span><span class="LinesEllipsis-unit">r</span><span
      class="LinesEllipsis-unit">o</span><span class="LinesEllipsis-unit">x</span><span class="LinesEllipsis-unit">
    </span><span class="LinesEllipsis-unit">1</span><span class="LinesEllipsis-unit">6</span><span
      class="LinesEllipsis-unit">0</span><span class="LinesEllipsis-unit">g</span></div>
  <div class="LinesEllipsis-canvas product__title" aria-hidden="true"
    style="box-sizing: border-box; width: 169px; font-size: 16px; font-weight: 400; font-family: SourceSansPro-SemiBold, &quot;Lucida Sans&quot;, sans-serif; font-style: normal; letter-spacing: normal; text-indent: 0px; white-space: normal; word-break: normal; overflow-wrap: normal; padding: 0px; position: absolute; bottom: 0px; left: 0px; height: 0px; overflow: hidden; border: none;">
    <span class="LinesEllipsis-unit">C</span><span class="LinesEllipsis-unit">o</span><span
      class="LinesEllipsis-unit">l</span><span class="LinesEllipsis-unit">e</span><span
      class="LinesEllipsis-unit">s</span><span class="LinesEllipsis-unit"> </span><span
      class="LinesEllipsis-unit">B</span><span class="LinesEllipsis-unit">a</span><span
      class="LinesEllipsis-unit">n</span><span class="LinesEllipsis-unit">a</span><span
      class="LinesEllipsis-unit">n</span><span class="LinesEllipsis-unit">a</span><span
      class="LinesEllipsis-unit">s</span><span class="LinesEllipsis-unit"> </span><span
      class="LinesEllipsis-unit">R</span><span class="LinesEllipsis-unit">e</span><span
      class="LinesEllipsis-unit">d</span><span class="LinesEllipsis-unit"> </span><span
      class="LinesEllipsis-unit">T</span><span class="LinesEllipsis-unit">i</span><span
      class="LinesEllipsis-unit">p</span><span class="LinesEllipsis-unit">p</span><span
      class="LinesEllipsis-unit">e</span><span class="LinesEllipsis-unit">d</span><span class="LinesEllipsis-unit">
    </span><span class="LinesEllipsis-unit">|</span><span class="LinesEllipsis-unit"> </span><span
      class="LinesEllipsis-unit">a</span><span class="LinesEllipsis-unit">p</span><span
      class="LinesEllipsis-unit">p</span><span class="LinesEllipsis-unit">r</span><span
      class="LinesEllipsis-unit">o</span><span class="LinesEllipsis-unit">x</span><span class="LinesEllipsis-unit">
    </span><span class="LinesEllipsis-unit">1</span><span class="LinesEllipsis-unit">8</span><span
      class="LinesEllipsis-unit">0</span><span class="LinesEllipsis-unit">g</span></div>
  <div class="LinesEllipsis-canvas product__title" aria-hidden="true"
    style="box-sizing: border-box; width: 169px; font-size: 16px; font-weight: 400; font-family: SourceSansPro-SemiBold, &quot;Lucida Sans&quot;, sans-serif; font-style: normal; letter-spacing: normal; text-indent: 0px; white-space: normal; word-break: normal; overflow-wrap: normal; padding: 0px; position: absolute; bottom: 0px; left: 0px; height: 0px; overflow: hidden; border: none;">
    <span class="LinesEllipsis-unit">C</span><span class="LinesEllipsis-unit">o</span><span
      class="LinesEllipsis-unit">l</span><span class="LinesEllipsis-unit">e</span><span
      class="LinesEllipsis-unit">s</span><span class="LinesEllipsis-unit"> </span><span
      class="LinesEllipsis-unit">O</span><span class="LinesEllipsis-unit">r</span><span
      class="LinesEllipsis-unit">g</span><span class="LinesEllipsis-unit">a</span><span
      class="LinesEllipsis-unit">n</span><span class="LinesEllipsis-unit">i</span><span
      class="LinesEllipsis-unit">c</span><span class="LinesEllipsis-unit"> </span><span
      class="LinesEllipsis-unit">B</span><span class="LinesEllipsis-unit">a</span><span
      class="LinesEllipsis-unit">n</span><span class="LinesEllipsis-unit">a</span><span
      class="LinesEllipsis-unit">n</span><span class="LinesEllipsis-unit">a</span><span
      class="LinesEllipsis-unit">s</span><span class="LinesEllipsis-unit"> </span><span
      class="LinesEllipsis-unit">|</span><span class="LinesEllipsis-unit"> </span><span
      class="LinesEllipsis-unit">a</span><span class="LinesEllipsis-unit">p</span><span
      class="LinesEllipsis-unit">p</span><span class="LinesEllipsis-unit">r</span><span
      class="LinesEllipsis-unit">o</span><span class="LinesEllipsis-unit">x</span><span class="LinesEllipsis-unit">
    </span><span class="LinesEllipsis-unit">1</span><span class="LinesEllipsis-unit">8</span><span
      class="LinesEllipsis-unit">0</span><span class="LinesEllipsis-unit">g</span></div>
  <div class="LinesEllipsis-canvas product__title" aria-hidden="true"
    style="box-sizing: border-box; width: 169px; font-size: 16px; font-weight: 400; font-family: SourceSansPro-SemiBold, &quot;Lucida Sans&quot;, sans-serif; font-style: normal; letter-spacing: normal; text-indent: 0px; white-space: normal; word-break: normal; overflow-wrap: normal; padding: 0px; position: absolute; bottom: 0px; left: 0px; height: 0px; overflow: hidden; border: none;">
    <span class="LinesEllipsis-unit">O</span><span class="LinesEllipsis-unit">o</span><span
      class="LinesEllipsis-unit">b</span><span class="LinesEllipsis-unit"> </span><span
      class="LinesEllipsis-unit">O</span><span class="LinesEllipsis-unit">r</span><span
      class="LinesEllipsis-unit">g</span><span class="LinesEllipsis-unit">a</span><span
      class="LinesEllipsis-unit">n</span><span class="LinesEllipsis-unit">i</span><span
      class="LinesEllipsis-unit">c</span><span class="LinesEllipsis-unit"> </span><span
      class="LinesEllipsis-unit">F</span><span class="LinesEllipsis-unit">r</span><span
      class="LinesEllipsis-unit">o</span><span class="LinesEllipsis-unit">z</span><span
      class="LinesEllipsis-unit">e</span><span class="LinesEllipsis-unit">n</span><span class="LinesEllipsis-unit">
    </span><span class="LinesEllipsis-unit">B</span><span class="LinesEllipsis-unit">a</span><span
      class="LinesEllipsis-unit">n</span><span class="LinesEllipsis-unit">a</span><span
      class="LinesEllipsis-unit">n</span><span class="LinesEllipsis-unit">a</span><span class="LinesEllipsis-unit">
    </span><span class="LinesEllipsis-unit">|</span><span class="LinesEllipsis-unit"> </span><span
      class="LinesEllipsis-unit">4</span><span class="LinesEllipsis-unit">5</span><span
      class="LinesEllipsis-unit">0</span><span class="LinesEllipsis-unit">g</span></div>
  <div class="LinesEllipsis-canvas product__title" aria-hidden="true"
    style="box-sizing: border-box; width: 169px; font-size: 16px; font-weight: 400; font-family: SourceSansPro-SemiBold, &quot;Lucida Sans&quot;, sans-serif; font-style: normal; letter-spacing: normal; text-indent: 0px; white-space: normal; word-break: normal; overflow-wrap: normal; padding: 0px; position: absolute; bottom: 0px; left: 0px; height: 0px; overflow: hidden; border: none;">
    <span class="LinesEllipsis-unit">L</span><span class="LinesEllipsis-unit">i</span><span
      class="LinesEllipsis-unit">f</span><span class="LinesEllipsis-unit">e</span><span
      class="LinesEllipsis-unit">s</span><span class="LinesEllipsis-unit">a</span><span
      class="LinesEllipsis-unit">v</span><span class="LinesEllipsis-unit">e</span><span
      class="LinesEllipsis-unit">r</span><span class="LinesEllipsis-unit">s</span><span class="LinesEllipsis-unit">
    </span><span class="LinesEllipsis-unit">B</span><span class="LinesEllipsis-unit">a</span><span
      class="LinesEllipsis-unit">n</span><span class="LinesEllipsis-unit">a</span><span
      class="LinesEllipsis-unit">n</span><span class="LinesEllipsis-unit">a</span><span
      class="LinesEllipsis-unit">s</span><span class="LinesEllipsis-unit"> </span><span class="LinesEllipsis-unit">
    </span><span class="LinesEllipsis-unit"> </span><span class="LinesEllipsis-unit"> </span><span
      class="LinesEllipsis-unit"> </span><span class="LinesEllipsis-unit"> </span><span class="LinesEllipsis-unit">
    </span><span class="LinesEllipsis-unit"> </span><span class="LinesEllipsis-unit"> </span><span
      class="LinesEllipsis-unit"> </span><span class="LinesEllipsis-unit"> </span><span class="LinesEllipsis-unit">
    </span><span class="LinesEllipsis-unit"> </span><span class="LinesEllipsis-unit"> </span><span
      class="LinesEllipsis-unit"> </span><span class="LinesEllipsis-unit"> </span><span class="LinesEllipsis-unit">
    </span><span class="LinesEllipsis-unit"> </span><span class="LinesEllipsis-unit"> </span><span
      class="LinesEllipsis-unit"> </span><span class="LinesEllipsis-unit"> </span><span class="LinesEllipsis-unit">
    </span><span class="LinesEllipsis-unit"> </span><span class="LinesEllipsis-unit"> </span><span
      class="LinesEllipsis-unit"> </span><span class="LinesEllipsis-unit"> </span><span class="LinesEllipsis-unit">
    </span><span class="LinesEllipsis-unit"> </span><span class="LinesEllipsis-unit"> </span><span
      class="LinesEllipsis-unit"> </span><span class="LinesEllipsis-unit"> </span><span class="LinesEllipsis-unit">
    </span><span class="LinesEllipsis-unit"> </span><span class="LinesEllipsis-unit"> </span><span
      class="LinesEllipsis-unit"> </span><span class="LinesEllipsis-unit"> </span><span class="LinesEllipsis-unit">
    </span><span class="LinesEllipsis-unit"> </span><span class="LinesEllipsis-unit"> </span><span
      class="LinesEllipsis-unit"> </span><span class="LinesEllipsis-unit"> </span><span class="LinesEllipsis-unit">
    </span><span class="LinesEllipsis-unit"> </span><span class="LinesEllipsis-unit"> </span><span
      class="LinesEllipsis-unit"> </span><span class="LinesEllipsis-unit"> </span><span class="LinesEllipsis-unit">
    </span><span class="LinesEllipsis-unit"> </span><span class="LinesEllipsis-unit"> </span><span
      class="LinesEllipsis-unit"> </span><span class="LinesEllipsis-unit"> </span><span class="LinesEllipsis-unit">
    </span><span class="LinesEllipsis-unit"> </span><span class="LinesEllipsis-unit"> </span><span
      class="LinesEllipsis-unit"> </span><span class="LinesEllipsis-unit"> </span><span class="LinesEllipsis-unit">
    </span><span class="LinesEllipsis-unit"> </span><span class="LinesEllipsis-unit"> </span><span
      class="LinesEllipsis-unit"> </span><span class="LinesEllipsis-unit"> </span><span class="LinesEllipsis-unit">
    </span><span class="LinesEllipsis-unit"> </span><span class="LinesEllipsis-unit"> </span><span
      class="LinesEllipsis-unit"> </span><span class="LinesEllipsis-unit"> </span><span class="LinesEllipsis-unit">
    </span><span class="LinesEllipsis-unit"> </span><span class="LinesEllipsis-unit"> </span><span
      class="LinesEllipsis-unit"> </span><span class="LinesEllipsis-unit"> </span><span class="LinesEllipsis-unit">
    </span><span class="LinesEllipsis-unit"> </span><span class="LinesEllipsis-unit"> </span><span
      class="LinesEllipsis-unit"> </span><span class="LinesEllipsis-unit"> </span><span class="LinesEllipsis-unit">
    </span><span class="LinesEllipsis-unit"> </span><span class="LinesEllipsis-unit"> </span><span
      class="LinesEllipsis-unit"> </span><span class="LinesEllipsis-unit"> </span><span class="LinesEllipsis-unit">
    </span><span class="LinesEllipsis-unit"> </span><span class="LinesEllipsis-unit"> </span><span
      class="LinesEllipsis-unit"> </span><span class="LinesEllipsis-unit"> </span><span class="LinesEllipsis-unit">
    </span><span class="LinesEllipsis-unit"> </span><span class="LinesEllipsis-unit"> </span><span
      class="LinesEllipsis-unit"> </span><span class="LinesEllipsis-unit"> </span><span class="LinesEllipsis-unit">
    </span><span class="LinesEllipsis-unit"> </span><span class="LinesEllipsis-unit"> </span><span
      class="LinesEllipsis-unit"> </span><span class="LinesEllipsis-unit"> </span><span class="LinesEllipsis-unit">
    </span><span class="LinesEllipsis-unit"> </span><span class="LinesEllipsis-unit"> </span><span
      class="LinesEllipsis-unit"> </span><span class="LinesEllipsis-unit"> </span><span class="LinesEllipsis-unit">
    </span><span class="LinesEllipsis-unit"> </span><span class="LinesEllipsis-unit"> </span><span
      class="LinesEllipsis-unit"> </span><span class="LinesEllipsis-unit"> </span><span class="LinesEllipsis-unit">
    </span><span class="LinesEllipsis-unit"> </span><span class="LinesEllipsis-unit"> </span><span
      class="LinesEllipsis-unit"> </span><span class="LinesEllipsis-unit"> </span><span class="LinesEllipsis-unit">
    </span><span class="LinesEllipsis-unit"> </span><span class="LinesEllipsis-unit"> </span><span
      class="LinesEllipsis-unit"> </span><span class="LinesEllipsis-unit"> </span><span class="LinesEllipsis-unit">
    </span><span class="LinesEllipsis-unit"> </span><span class="LinesEllipsis-unit"> </span><span
      class="LinesEllipsis-unit"> </span><span class="LinesEllipsis-unit"> </span><span class="LinesEllipsis-unit">
    </span><span class="LinesEllipsis-unit">|</span><span class="LinesEllipsis-unit"> </span><span
      class="LinesEllipsis-unit">1</span><span class="LinesEllipsis-unit">6</span><span
      class="LinesEllipsis-unit">0</span><span class="LinesEllipsis-unit">g</span></div>
  <div class="LinesEllipsis-canvas product__title" aria-hidden="true"
    style="box-sizing: border-box; width: 169px; font-size: 16px; font-weight: 400; font-family: SourceSansPro-SemiBold, &quot;Lucida Sans&quot;, sans-serif; font-style: normal; letter-spacing: normal; text-indent: 0px; white-space: normal; word-break: normal; overflow-wrap: normal; padding: 0px; position: absolute; bottom: 0px; left: 0px; height: 0px; overflow: hidden; border: none;">
    <span class="LinesEllipsis-unit">C</span><span class="LinesEllipsis-unit">o</span><span
      class="LinesEllipsis-unit">l</span><span class="LinesEllipsis-unit">e</span><span
      class="LinesEllipsis-unit">s</span><span class="LinesEllipsis-unit"> </span><span
      class="LinesEllipsis-unit">B</span><span class="LinesEllipsis-unit">a</span><span
      class="LinesEllipsis-unit">n</span><span class="LinesEllipsis-unit">a</span><span
      class="LinesEllipsis-unit">n</span><span class="LinesEllipsis-unit">a</span><span class="LinesEllipsis-unit">
    </span><span class="LinesEllipsis-unit">B</span><span class="LinesEllipsis-unit">r</span><span
      class="LinesEllipsis-unit">e</span><span class="LinesEllipsis-unit">a</span><span
      class="LinesEllipsis-unit">d</span><span class="LinesEllipsis-unit"> </span><span
      class="LinesEllipsis-unit">|</span><span class="LinesEllipsis-unit"> </span><span
      class="LinesEllipsis-unit">5</span><span class="LinesEllipsis-unit">5</span><span
      class="LinesEllipsis-unit">0</span><span class="LinesEllipsis-unit">g</span></div>
  <div class="LinesEllipsis-canvas product__title" aria-hidden="true"
    style="box-sizing: border-box; width: 169px; font-size: 16px; font-weight: 400; font-family: SourceSansPro-SemiBold, &quot;Lucida Sans&quot;, sans-serif; font-style: normal; letter-spacing: normal; text-indent: 0px; white-space: normal; word-break: normal; overflow-wrap: normal; padding: 0px; position: absolute; bottom: 0px; left: 0px; height: 0px; overflow: hidden; border: none;">
    <span class="LinesEllipsis-unit">C</span><span class="LinesEllipsis-unit">o</span><span
      class="LinesEllipsis-unit">l</span><span class="LinesEllipsis-unit">e</span><span
      class="LinesEllipsis-unit">s</span><span class="LinesEllipsis-unit"> </span><span
      class="LinesEllipsis-unit">B</span><span class="LinesEllipsis-unit">a</span><span
      class="LinesEllipsis-unit">n</span><span class="LinesEllipsis-unit">a</span><span
      class="LinesEllipsis-unit">n</span><span class="LinesEllipsis-unit">a</span><span class="LinesEllipsis-unit">
    </span><span class="LinesEllipsis-unit">M</span><span class="LinesEllipsis-unit">u</span><span
      class="LinesEllipsis-unit">f</span><span class="LinesEllipsis-unit">f</span><span
      class="LinesEllipsis-unit">i</span><span class="LinesEllipsis-unit">n</span><span
      class="LinesEllipsis-unit">s</span><span class="LinesEllipsis-unit"> </span><span
      class="LinesEllipsis-unit">|</span><span class="LinesEllipsis-unit"> </span><span
      class="LinesEllipsis-unit">9</span><span class="LinesEllipsis-unit"> </span><span
      class="LinesEllipsis-unit">P</span><span class="LinesEllipsis-unit">a</span><span
      class="LinesEllipsis-unit">c</span><span class="LinesEllipsis-unit">k</span></div>
  <div class="LinesEllipsis-canvas product__title" aria-hidden="true"
    style="box-sizing: border-box; width: 169px; font-size: 16px; font-weight: 400; font-family: SourceSansPro-SemiBold, &quot;Lucida Sans&quot;, sans-serif; font-style: normal; letter-spacing: normal; text-indent: 0px; white-space: normal; word-break: normal; overflow-wrap: normal; padding: 0px; position: absolute; bottom: 0px; left: 0px; height: 0px; overflow: hidden; border: none;">
    <span class="LinesEllipsis-unit">S</span><span class="LinesEllipsis-unit">e</span><span
      class="LinesEllipsis-unit">r</span><span class="LinesEllipsis-unit">i</span><span
      class="LinesEllipsis-unit">o</span><span class="LinesEllipsis-unit">u</span><span
      class="LinesEllipsis-unit">s</span><span class="LinesEllipsis-unit"> </span><span
      class="LinesEllipsis-unit">F</span><span class="LinesEllipsis-unit">r</span><span
      class="LinesEllipsis-unit">o</span><span class="LinesEllipsis-unit">z</span><span
      class="LinesEllipsis-unit">e</span><span class="LinesEllipsis-unit">n</span><span class="LinesEllipsis-unit">
    </span><span class="LinesEllipsis-unit">F</span><span class="LinesEllipsis-unit">r</span><span
      class="LinesEllipsis-unit">u</span><span class="LinesEllipsis-unit">i</span><span
      class="LinesEllipsis-unit">t</span><span class="LinesEllipsis-unit"> </span><span
      class="LinesEllipsis-unit">C</span><span class="LinesEllipsis-unit">h</span><span
      class="LinesEllipsis-unit">o</span><span class="LinesEllipsis-unit">c</span><span
      class="LinesEllipsis-unit">o</span><span class="LinesEllipsis-unit">l</span><span
      class="LinesEllipsis-unit">a</span><span class="LinesEllipsis-unit">t</span><span
      class="LinesEllipsis-unit">e</span><span class="LinesEllipsis-unit"> </span><span
      class="LinesEllipsis-unit">B</span><span class="LinesEllipsis-unit">a</span><span
      class="LinesEllipsis-unit">n</span><span class="LinesEllipsis-unit">a</span><span
      class="LinesEllipsis-unit">n</span><span class="LinesEllipsis-unit">a</span><span class="LinesEllipsis-unit">
    </span><span class="LinesEllipsis-unit">B</span><span class="LinesEllipsis-unit">i</span><span
      class="LinesEllipsis-unit">t</span><span class="LinesEllipsis-unit">e</span><span
      class="LinesEllipsis-unit">s</span><span class="LinesEllipsis-unit"> </span><span
      class="LinesEllipsis-unit">|</span><span class="LinesEllipsis-unit"> </span><span
      class="LinesEllipsis-unit">2</span><span class="LinesEllipsis-unit">5</span><span
      class="LinesEllipsis-unit">0</span><span class="LinesEllipsis-unit">g</span></div>
  <div class="LinesEllipsis-canvas product__title" aria-hidden="true"
    style="box-sizing: border-box; width: 169px; font-size: 16px; font-weight: 400; font-family: SourceSansPro-SemiBold, &quot;Lucida Sans&quot;, sans-serif; font-style: normal; letter-spacing: normal; text-indent: 0px; white-space: normal; word-break: normal; overflow-wrap: normal; padding: 0px; position: absolute; bottom: 0px; left: 0px; height: 0px; overflow: hidden; border: none;">
    <span class="LinesEllipsis-unit">C</span><span class="LinesEllipsis-unit">o</span><span
      class="LinesEllipsis-unit">l</span><span class="LinesEllipsis-unit">e</span><span
      class="LinesEllipsis-unit">s</span><span class="LinesEllipsis-unit"> </span><span
      class="LinesEllipsis-unit">B</span><span class="LinesEllipsis-unit">a</span><span
      class="LinesEllipsis-unit">n</span><span class="LinesEllipsis-unit">a</span><span
      class="LinesEllipsis-unit">n</span><span class="LinesEllipsis-unit">a</span><span class="LinesEllipsis-unit">
    </span><span class="LinesEllipsis-unit">C</span><span class="LinesEllipsis-unit">h</span><span
      class="LinesEllipsis-unit">i</span><span class="LinesEllipsis-unit">p</span><span
      class="LinesEllipsis-unit">s</span><span class="LinesEllipsis-unit"> </span><span
      class="LinesEllipsis-unit">|</span><span class="LinesEllipsis-unit"> </span><span
      class="LinesEllipsis-unit">2</span><span class="LinesEllipsis-unit">0</span><span
      class="LinesEllipsis-unit">0</span><span class="LinesEllipsis-unit">g</span></div>
  <div class="LinesEllipsis-canvas product__title" aria-hidden="true"
    style="box-sizing: border-box; width: 169px; font-size: 16px; font-weight: 400; font-family: SourceSansPro-SemiBold, &quot;Lucida Sans&quot;, sans-serif; font-style: normal; letter-spacing: normal; text-indent: 0px; white-space: normal; word-break: normal; overflow-wrap: normal; padding: 0px; position: absolute; bottom: 0px; left: 0px; height: 0px; overflow: hidden; border: none;">
    <span class="LinesEllipsis-unit">C</span><span class="LinesEllipsis-unit">o</span><span
      class="LinesEllipsis-unit">l</span><span class="LinesEllipsis-unit">e</span><span
      class="LinesEllipsis-unit">s</span><span class="LinesEllipsis-unit"> </span><span
      class="LinesEllipsis-unit">B</span><span class="LinesEllipsis-unit">a</span><span
      class="LinesEllipsis-unit">n</span><span class="LinesEllipsis-unit">a</span><span
      class="LinesEllipsis-unit">n</span><span class="LinesEllipsis-unit">a</span><span class="LinesEllipsis-unit">
    </span><span class="LinesEllipsis-unit">C</span><span class="LinesEllipsis-unit">a</span><span
      class="LinesEllipsis-unit">r</span><span class="LinesEllipsis-unit">a</span><span
      class="LinesEllipsis-unit">m</span><span class="LinesEllipsis-unit">e</span><span
      class="LinesEllipsis-unit">l</span><span class="LinesEllipsis-unit"> </span><span
      class="LinesEllipsis-unit">C</span><span class="LinesEllipsis-unit">a</span><span
      class="LinesEllipsis-unit">k</span><span class="LinesEllipsis-unit">e</span><span class="LinesEllipsis-unit">
    </span><span class="LinesEllipsis-unit">|</span><span class="LinesEllipsis-unit"> </span><span
      class="LinesEllipsis-unit">4</span><span class="LinesEllipsis-unit">0</span><span
      class="LinesEllipsis-unit">0</span><span class="LinesEllipsis-unit">g</span></div>
  <div class="LinesEllipsis-canvas product__title" aria-hidden="true"
    style="box-sizing: border-box; width: 169px; font-size: 16px; font-weight: 400; font-family: SourceSansPro-SemiBold, &quot;Lucida Sans&quot;, sans-serif; font-style: normal; letter-spacing: normal; text-indent: 0px; white-space: normal; word-break: normal; overflow-wrap: normal; padding: 0px; position: absolute; bottom: 0px; left: 0px; height: 0px; overflow: hidden; border: none;">
    <span class="LinesEllipsis-unit">P</span><span class="LinesEllipsis-unit">a</span><span
      class="LinesEllipsis-unit">u</span><span class="LinesEllipsis-unit">l</span><span
      class="LinesEllipsis-unit">s</span><span class="LinesEllipsis-unit"> </span><span
      class="LinesEllipsis-unit">B</span><span class="LinesEllipsis-unit">a</span><span
      class="LinesEllipsis-unit">n</span><span class="LinesEllipsis-unit">a</span><span
      class="LinesEllipsis-unit">n</span><span class="LinesEllipsis-unit">a</span><span class="LinesEllipsis-unit">
    </span><span class="LinesEllipsis-unit">P</span><span class="LinesEllipsis-unit">o</span><span
      class="LinesEllipsis-unit">u</span><span class="LinesEllipsis-unit">c</span><span
      class="LinesEllipsis-unit">h</span><span class="LinesEllipsis-unit"> </span><span
      class="LinesEllipsis-unit">|</span><span class="LinesEllipsis-unit"> </span><span
      class="LinesEllipsis-unit">7</span><span class="LinesEllipsis-unit">0</span><span
      class="LinesEllipsis-unit">g</span></div>
  <div class="LinesEllipsis-canvas product__title" aria-hidden="true"
    style="box-sizing: border-box; width: 169px; font-size: 16px; font-weight: 400; font-family: SourceSansPro-SemiBold, &quot;Lucida Sans&quot;, sans-serif; font-style: normal; letter-spacing: normal; text-indent: 0px; white-space: normal; word-break: normal; overflow-wrap: normal; padding: 0px; position: absolute; bottom: 0px; left: 0px; height: 0px; overflow: hidden; border: none;">
    <span class="LinesEllipsis-unit">D</span><span class="LinesEllipsis-unit">a</span><span
      class="LinesEllipsis-unit">r</span><span class="LinesEllipsis-unit">r</span><span
      class="LinesEllipsis-unit">e</span><span class="LinesEllipsis-unit">l</span><span
      class="LinesEllipsis-unit">l</span><span class="LinesEllipsis-unit"> </span><span
      class="LinesEllipsis-unit">L</span><span class="LinesEllipsis-unit">e</span><span
      class="LinesEllipsis-unit">a</span><span class="LinesEllipsis-unit"> </span><span
      class="LinesEllipsis-unit">L</span><span class="LinesEllipsis-unit">i</span><span
      class="LinesEllipsis-unit">f</span><span class="LinesEllipsis-unit">e</span><span
      class="LinesEllipsis-unit">s</span><span class="LinesEllipsis-unit">a</span><span
      class="LinesEllipsis-unit">v</span><span class="LinesEllipsis-unit">e</span><span
      class="LinesEllipsis-unit">r</span><span class="LinesEllipsis-unit">s</span><span class="LinesEllipsis-unit">
    </span><span class="LinesEllipsis-unit">B</span><span class="LinesEllipsis-unit">a</span><span
      class="LinesEllipsis-unit">n</span><span class="LinesEllipsis-unit">a</span><span
      class="LinesEllipsis-unit">n</span><span class="LinesEllipsis-unit">a</span><span class="LinesEllipsis-unit">
    </span><span class="LinesEllipsis-unit">B</span><span class="LinesEllipsis-unit">l</span><span
      class="LinesEllipsis-unit">o</span><span class="LinesEllipsis-unit">c</span><span
      class="LinesEllipsis-unit">k</span><span class="LinesEllipsis-unit"> </span><span
      class="LinesEllipsis-unit">|</span><span class="LinesEllipsis-unit"> </span><span
      class="LinesEllipsis-unit">1</span><span class="LinesEllipsis-unit">6</span><span
      class="LinesEllipsis-unit">0</span><span class="LinesEllipsis-unit">g</span></div>
  <div class="LinesEllipsis-canvas product__title" aria-hidden="true"
    style="box-sizing: border-box; width: 169px; font-size: 16px; font-weight: 400; font-family: SourceSansPro-SemiBold, &quot;Lucida Sans&quot;, sans-serif; font-style: normal; letter-spacing: normal; text-indent: 0px; white-space: normal; word-break: normal; overflow-wrap: normal; padding: 0px; position: absolute; bottom: 0px; left: 0px; height: 0px; overflow: hidden; border: none;">
    <span class="LinesEllipsis-unit">C</span><span class="LinesEllipsis-unit">o</span><span
      class="LinesEllipsis-unit">l</span><span class="LinesEllipsis-unit">e</span><span
      class="LinesEllipsis-unit">s</span><span class="LinesEllipsis-unit"> </span><span
      class="LinesEllipsis-unit">D</span><span class="LinesEllipsis-unit">r</span><span
      class="LinesEllipsis-unit">i</span><span class="LinesEllipsis-unit">e</span><span
      class="LinesEllipsis-unit">d</span><span class="LinesEllipsis-unit"> </span><span
      class="LinesEllipsis-unit">B</span><span class="LinesEllipsis-unit">a</span><span
      class="LinesEllipsis-unit">n</span><span class="LinesEllipsis-unit">a</span><span
      class="LinesEllipsis-unit">n</span><span class="LinesEllipsis-unit">a</span><span class="LinesEllipsis-unit">
    </span><span class="LinesEllipsis-unit">C</span><span class="LinesEllipsis-unit">h</span><span
      class="LinesEllipsis-unit">i</span><span class="LinesEllipsis-unit">p</span><span
      class="LinesEllipsis-unit">s</span><span class="LinesEllipsis-unit"> </span><span
      class="LinesEllipsis-unit">|</span><span class="LinesEllipsis-unit"> </span><span
      class="LinesEllipsis-unit">4</span><span class="LinesEllipsis-unit">0</span><span
      class="LinesEllipsis-unit">0</span><span class="LinesEllipsis-unit">g</span></div>
  <div class="LinesEllipsis-canvas product__title" aria-hidden="true"
    style="box-sizing: border-box; width: 169px; font-size: 16px; font-weight: 400; font-family: SourceSansPro-SemiBold, &quot;Lucida Sans&quot;, sans-serif; font-style: normal; letter-spacing: normal; text-indent: 0px; white-space: normal; word-break: normal; overflow-wrap: normal; padding: 0px; position: absolute; bottom: 0px; left: 0px; height: 0px; overflow: hidden; border: none;">
    <span class="LinesEllipsis-unit">G</span><span class="LinesEllipsis-unit">r</span><span
      class="LinesEllipsis-unit">e</span><span class="LinesEllipsis-unit">e</span><span
      class="LinesEllipsis-unit">n</span><span class="LinesEllipsis-unit">'</span><span
      class="LinesEllipsis-unit">s</span><span class="LinesEllipsis-unit"> </span><span
      class="LinesEllipsis-unit">T</span><span class="LinesEllipsis-unit">r</span><span
      class="LinesEllipsis-unit">a</span><span class="LinesEllipsis-unit">d</span><span
      class="LinesEllipsis-unit">i</span><span class="LinesEllipsis-unit">t</span><span
      class="LinesEllipsis-unit">i</span><span class="LinesEllipsis-unit">o</span><span
      class="LinesEllipsis-unit">n</span><span class="LinesEllipsis-unit">a</span><span
      class="LinesEllipsis-unit">l</span><span class="LinesEllipsis-unit"> </span><span
      class="LinesEllipsis-unit">B</span><span class="LinesEllipsis-unit">a</span><span
      class="LinesEllipsis-unit">n</span><span class="LinesEllipsis-unit">a</span><span
      class="LinesEllipsis-unit">n</span><span class="LinesEllipsis-unit">a</span><span class="LinesEllipsis-unit">
    </span><span class="LinesEllipsis-unit">B</span><span class="LinesEllipsis-unit">r</span><span
      class="LinesEllipsis-unit">e</span><span class="LinesEllipsis-unit">a</span><span
      class="LinesEllipsis-unit">d</span><span class="LinesEllipsis-unit"> </span><span
      class="LinesEllipsis-unit">|</span><span class="LinesEllipsis-unit"> </span><span
      class="LinesEllipsis-unit">4</span><span class="LinesEllipsis-unit">0</span><span
      class="LinesEllipsis-unit">0</span><span class="LinesEllipsis-unit">g</span></div>
  <div class="LinesEllipsis-canvas product__title" aria-hidden="true"
    style="box-sizing: border-box; width: 169px; font-size: 16px; font-weight: 400; font-family: SourceSansPro-SemiBold, &quot;Lucida Sans&quot;, sans-serif; font-style: normal; letter-spacing: normal; text-indent: 0px; white-space: normal; word-break: normal; overflow-wrap: normal; padding: 0px; position: absolute; bottom: 0px; left: 0px; height: 0px; overflow: hidden; border: none;">
    <span class="LinesEllipsis-unit">C</span><span class="LinesEllipsis-unit">o</span><span
      class="LinesEllipsis-unit">l</span><span class="LinesEllipsis-unit">e</span><span
      class="LinesEllipsis-unit">s</span><span class="LinesEllipsis-unit"> </span><span
      class="LinesEllipsis-unit">B</span><span class="LinesEllipsis-unit">a</span><span
      class="LinesEllipsis-unit">n</span><span class="LinesEllipsis-unit">a</span><span
      class="LinesEllipsis-unit">n</span><span class="LinesEllipsis-unit">a</span><span class="LinesEllipsis-unit">
    </span><span class="LinesEllipsis-unit">M</span><span class="LinesEllipsis-unit">u</span><span
      class="LinesEllipsis-unit">f</span><span class="LinesEllipsis-unit">f</span><span
      class="LinesEllipsis-unit">i</span><span class="LinesEllipsis-unit">n</span><span class="LinesEllipsis-unit">
    </span><span class="LinesEllipsis-unit">B</span><span class="LinesEllipsis-unit">a</span><span
      class="LinesEllipsis-unit">r</span><span class="LinesEllipsis-unit">s</span><span class="LinesEllipsis-unit">
    </span><span class="LinesEllipsis-unit">|</span><span class="LinesEllipsis-unit"> </span><span
      class="LinesEllipsis-unit">4</span><span class="LinesEllipsis-unit">2</span><span
      class="LinesEllipsis-unit">0</span><span class="LinesEllipsis-unit">g</span></div>
  <div class="LinesEllipsis-canvas product__title" aria-hidden="true"
    style="box-sizing: border-box; width: 169px; font-size: 16px; font-weight: 400; font-family: SourceSansPro-SemiBold, &quot;Lucida Sans&quot;, sans-serif; font-style: normal; letter-spacing: normal; text-indent: 0px; white-space: normal; word-break: normal; overflow-wrap: normal; padding: 0px; position: absolute; bottom: 0px; left: 0px; height: 0px; overflow: hidden; border: none;">
    <span class="LinesEllipsis-unit">K</span><span class="LinesEllipsis-unit">o</span><span
      class="LinesEllipsis-unit">z</span><span class="LinesEllipsis-unit">h</span><span
      class="LinesEllipsis-unit">i</span><span class="LinesEllipsis-unit">k</span><span
      class="LinesEllipsis-unit">o</span><span class="LinesEllipsis-unit">d</span><span
      class="LinesEllipsis-unit">e</span><span class="LinesEllipsis-unit">n</span><span
      class="LinesEllipsis-unit">'</span><span class="LinesEllipsis-unit">s</span><span class="LinesEllipsis-unit">
    </span><span class="LinesEllipsis-unit">B</span><span class="LinesEllipsis-unit">a</span><span
      class="LinesEllipsis-unit">n</span><span class="LinesEllipsis-unit">a</span><span
      class="LinesEllipsis-unit">n</span><span class="LinesEllipsis-unit">a</span><span class="LinesEllipsis-unit">
    </span><span class="LinesEllipsis-unit">C</span><span class="LinesEllipsis-unit">h</span><span
      class="LinesEllipsis-unit">i</span><span class="LinesEllipsis-unit">p</span><span
      class="LinesEllipsis-unit">s</span><span class="LinesEllipsis-unit"> </span><span
      class="LinesEllipsis-unit">|</span><span class="LinesEllipsis-unit"> </span><span
      class="LinesEllipsis-unit">2</span><span class="LinesEllipsis-unit">0</span><span
      class="LinesEllipsis-unit">0</span><span class="LinesEllipsis-unit">g</span></div>
  <div class="LinesEllipsis-canvas product__title" aria-hidden="true"
    style="box-sizing: border-box; width: 169px; font-size: 16px; font-weight: 400; font-family: SourceSansPro-SemiBold, &quot;Lucida Sans&quot;, sans-serif; font-style: normal; letter-spacing: normal; text-indent: 0px; white-space: normal; word-break: normal; overflow-wrap: normal; padding: 0px; position: absolute; bottom: 0px; left: 0px; height: 0px; overflow: hidden; border: none;">
    <span class="LinesEllipsis-unit">C</span><span class="LinesEllipsis-unit">o</span><span
      class="LinesEllipsis-unit">l</span><span class="LinesEllipsis-unit">e</span><span
      class="LinesEllipsis-unit">s</span><span class="LinesEllipsis-unit"> </span><span
      class="LinesEllipsis-unit">B</span><span class="LinesEllipsis-unit">a</span><span
      class="LinesEllipsis-unit">n</span><span class="LinesEllipsis-unit">a</span><span
      class="LinesEllipsis-unit">n</span><span class="LinesEllipsis-unit">a</span><span class="LinesEllipsis-unit">
    </span><span class="LinesEllipsis-unit">C</span><span class="LinesEllipsis-unit">u</span><span
      class="LinesEllipsis-unit">s</span><span class="LinesEllipsis-unit">t</span><span
      class="LinesEllipsis-unit">a</span><span class="LinesEllipsis-unit">r</span><span
      class="LinesEllipsis-unit">d</span><span class="LinesEllipsis-unit"> </span><span
      class="LinesEllipsis-unit">P</span><span class="LinesEllipsis-unit">o</span><span
      class="LinesEllipsis-unit">u</span><span class="LinesEllipsis-unit">c</span><span
      class="LinesEllipsis-unit">h</span><span class="LinesEllipsis-unit"> </span><span
      class="LinesEllipsis-unit">|</span><span class="LinesEllipsis-unit"> </span><span
      class="LinesEllipsis-unit">9</span><span class="LinesEllipsis-unit">0</span><span
      class="LinesEllipsis-unit">g</span></div>
  <div class="LinesEllipsis-canvas product__title" aria-hidden="true"
    style="box-sizing: border-box; width: 169px; font-size: 16px; font-weight: 400; font-family: SourceSansPro-SemiBold, &quot;Lucida Sans&quot;, sans-serif; font-style: normal; letter-spacing: normal; text-indent: 0px; white-space: normal; word-break: normal; overflow-wrap: normal; padding: 0px; position: absolute; bottom: 0px; left: 0px; height: 0px; overflow: hidden; border: none;">
    <span class="LinesEllipsis-unit">P</span><span class="LinesEllipsis-unit">a</span><span
      class="LinesEllipsis-unit">u</span><span class="LinesEllipsis-unit">l</span><span
      class="LinesEllipsis-unit">s</span><span class="LinesEllipsis-unit"> </span><span
      class="LinesEllipsis-unit">K</span><span class="LinesEllipsis-unit">i</span><span
      class="LinesEllipsis-unit">d</span><span class="LinesEllipsis-unit">s</span><span class="LinesEllipsis-unit">
    </span><span class="LinesEllipsis-unit">Y</span><span class="LinesEllipsis-unit">o</span><span
      class="LinesEllipsis-unit">g</span><span class="LinesEllipsis-unit">h</span><span
      class="LinesEllipsis-unit">u</span><span class="LinesEllipsis-unit">r</span><span
      class="LinesEllipsis-unit">t</span><span class="LinesEllipsis-unit"> </span><span
      class="LinesEllipsis-unit">B</span><span class="LinesEllipsis-unit">a</span><span
      class="LinesEllipsis-unit">n</span><span class="LinesEllipsis-unit">a</span><span
      class="LinesEllipsis-unit">n</span><span class="LinesEllipsis-unit">a</span><span class="LinesEllipsis-unit">
    </span><span class="LinesEllipsis-unit">|</span><span class="LinesEllipsis-unit"> </span><span
      class="LinesEllipsis-unit">7</span><span class="LinesEllipsis-unit">0</span><span
      class="LinesEllipsis-unit">g</span></div>
  <div class="LinesEllipsis-canvas product__title" aria-hidden="true"
    style="box-sizing: border-box; width: 169px; font-size: 16px; font-weight: 400; font-family: SourceSansPro-SemiBold, &quot;Lucida Sans&quot;, sans-serif; font-style: normal; letter-spacing: normal; text-indent: 0px; white-space: normal; word-break: normal; overflow-wrap: normal; padding: 0px; position: absolute; bottom: 0px; left: 0px; height: 0px; overflow: hidden; border: none;">
    <span class="LinesEllipsis-unit">S</span><span class="LinesEllipsis-unit">t</span><span
      class="LinesEllipsis-unit">r</span><span class="LinesEllipsis-unit">e</span><span
      class="LinesEllipsis-unit">e</span><span class="LinesEllipsis-unit">t</span><span
      class="LinesEllipsis-unit">s</span><span class="LinesEllipsis-unit"> </span><span
      class="LinesEllipsis-unit">P</span><span class="LinesEllipsis-unit">a</span><span
      class="LinesEllipsis-unit">d</span><span class="LinesEllipsis-unit">d</span><span
      class="LinesEllipsis-unit">l</span><span class="LinesEllipsis-unit">e</span><span class="LinesEllipsis-unit">
    </span><span class="LinesEllipsis-unit">P</span><span class="LinesEllipsis-unit">o</span><span
      class="LinesEllipsis-unit">p</span><span class="LinesEllipsis-unit"> </span><span
      class="LinesEllipsis-unit">B</span><span class="LinesEllipsis-unit">a</span><span
      class="LinesEllipsis-unit">n</span><span class="LinesEllipsis-unit">a</span><span
      class="LinesEllipsis-unit">n</span><span class="LinesEllipsis-unit">a</span><span class="LinesEllipsis-unit">
    </span><span class="LinesEllipsis-unit">|</span><span class="LinesEllipsis-unit"> </span><span
      class="LinesEllipsis-unit">5</span><span class="LinesEllipsis-unit">4</span><span
      class="LinesEllipsis-unit">4</span><span class="LinesEllipsis-unit">m</span><span
      class="LinesEllipsis-unit">L</span></div>
  <div class="LinesEllipsis-canvas product__title" aria-hidden="true"
    style="box-sizing: border-box; width: 169px; font-size: 16px; font-weight: 400; font-family: SourceSansPro-SemiBold, &quot;Lucida Sans&quot;, sans-serif; font-style: normal; letter-spacing: normal; text-indent: 0px; white-space: normal; word-break: normal; overflow-wrap: normal; padding: 0px; position: absolute; bottom: 0px; left: 0px; height: 0px; overflow: hidden; border: none;">
    <span class="LinesEllipsis-unit">B</span><span class="LinesEllipsis-unit">i</span><span
      class="LinesEllipsis-unit">g</span><span class="LinesEllipsis-unit"> </span><span
      class="LinesEllipsis-unit">M</span><span class="LinesEllipsis-unit"> </span><span
      class="LinesEllipsis-unit">B</span><span class="LinesEllipsis-unit">a</span><span
      class="LinesEllipsis-unit">n</span><span class="LinesEllipsis-unit">a</span><span
      class="LinesEllipsis-unit">n</span><span class="LinesEllipsis-unit">a</span><span class="LinesEllipsis-unit">
    </span><span class="LinesEllipsis-unit">F</span><span class="LinesEllipsis-unit">l</span><span
      class="LinesEllipsis-unit">a</span><span class="LinesEllipsis-unit">v</span><span
      class="LinesEllipsis-unit">o</span><span class="LinesEllipsis-unit">u</span><span
      class="LinesEllipsis-unit">r</span><span class="LinesEllipsis-unit">e</span><span
      class="LinesEllipsis-unit">d</span><span class="LinesEllipsis-unit"> </span><span
      class="LinesEllipsis-unit">M</span><span class="LinesEllipsis-unit">i</span><span
      class="LinesEllipsis-unit">l</span><span class="LinesEllipsis-unit">k</span><span class="LinesEllipsis-unit">
    </span><span class="LinesEllipsis-unit">|</span><span class="LinesEllipsis-unit"> </span><span
      class="LinesEllipsis-unit">6</span><span class="LinesEllipsis-unit">0</span><span
      class="LinesEllipsis-unit">0</span><span class="LinesEllipsis-unit">m</span><span
      class="LinesEllipsis-unit">L</span></div>
  <div class="LinesEllipsis-canvas product__title" aria-hidden="true"
    style="box-sizing: border-box; width: 169px; font-size: 16px; font-weight: 400; font-family: SourceSansPro-SemiBold, &quot;Lucida Sans&quot;, sans-serif; font-style: normal; letter-spacing: normal; text-indent: 0px; white-space: normal; word-break: normal; overflow-wrap: normal; padding: 0px; position: absolute; bottom: 0px; left: 0px; height: 0px; overflow: hidden; border: none;">
    <span class="LinesEllipsis-unit">C</span><span class="LinesEllipsis-unit">o</span><span
      class="LinesEllipsis-unit">l</span><span class="LinesEllipsis-unit">e</span><span
      class="LinesEllipsis-unit">s</span><span class="LinesEllipsis-unit"> </span><span
      class="LinesEllipsis-unit">B</span><span class="LinesEllipsis-unit">a</span><span
      class="LinesEllipsis-unit">n</span><span class="LinesEllipsis-unit">a</span><span
      class="LinesEllipsis-unit">n</span><span class="LinesEllipsis-unit">a</span><span class="LinesEllipsis-unit">
    </span><span class="LinesEllipsis-unit">B</span><span class="LinesEllipsis-unit">r</span><span
      class="LinesEllipsis-unit">e</span><span class="LinesEllipsis-unit">a</span><span
      class="LinesEllipsis-unit">d</span><span class="LinesEllipsis-unit"> </span><span
      class="LinesEllipsis-unit">B</span><span class="LinesEllipsis-unit">a</span><span
      class="LinesEllipsis-unit">k</span><span class="LinesEllipsis-unit">i</span><span
      class="LinesEllipsis-unit">n</span><span class="LinesEllipsis-unit">g</span><span class="LinesEllipsis-unit">
    </span><span class="LinesEllipsis-unit">M</span><span class="LinesEllipsis-unit">i</span><span
      class="LinesEllipsis-unit">x</span><span class="LinesEllipsis-unit"> </span><span
      class="LinesEllipsis-unit">|</span><span class="LinesEllipsis-unit"> </span><span
      class="LinesEllipsis-unit">4</span><span class="LinesEllipsis-unit">5</span><span
      class="LinesEllipsis-unit">0</span><span class="LinesEllipsis-unit">g</span></div>
  <div class="LinesEllipsis-canvas product__title" aria-hidden="true"
    style="box-sizing: border-box; width: 169px; font-size: 16px; font-weight: 400; font-family: SourceSansPro-SemiBold, &quot;Lucida Sans&quot;, sans-serif; font-style: normal; letter-spacing: normal; text-indent: 0px; white-space: normal; word-break: normal; overflow-wrap: normal; padding: 0px; position: absolute; bottom: 0px; left: 0px; height: 0px; overflow: hidden; border: none;">
    <span class="LinesEllipsis-unit">C</span><span class="LinesEllipsis-unit">r</span><span
      class="LinesEllipsis-unit">e</span><span class="LinesEllipsis-unit">a</span><span
      class="LinesEllipsis-unit">t</span><span class="LinesEllipsis-unit">i</span><span
      class="LinesEllipsis-unit">v</span><span class="LinesEllipsis-unit">e</span><span class="LinesEllipsis-unit">
    </span><span class="LinesEllipsis-unit">G</span><span class="LinesEllipsis-unit">o</span><span
      class="LinesEllipsis-unit">u</span><span class="LinesEllipsis-unit">r</span><span
      class="LinesEllipsis-unit">m</span><span class="LinesEllipsis-unit">e</span><span
      class="LinesEllipsis-unit">t</span><span class="LinesEllipsis-unit"> </span><span
      class="LinesEllipsis-unit">F</span><span class="LinesEllipsis-unit">r</span><span
      class="LinesEllipsis-unit">o</span><span class="LinesEllipsis-unit">z</span><span
      class="LinesEllipsis-unit">e</span><span class="LinesEllipsis-unit">n</span><span class="LinesEllipsis-unit">
    </span><span class="LinesEllipsis-unit">B</span><span class="LinesEllipsis-unit">a</span><span
      class="LinesEllipsis-unit">n</span><span class="LinesEllipsis-unit">a</span><span
      class="LinesEllipsis-unit">n</span><span class="LinesEllipsis-unit">a</span><span class="LinesEllipsis-unit">
    </span><span class="LinesEllipsis-unit">C</span><span class="LinesEllipsis-unit">h</span><span
      class="LinesEllipsis-unit">u</span><span class="LinesEllipsis-unit">n</span><span
      class="LinesEllipsis-unit">k</span><span class="LinesEllipsis-unit">s</span><span class="LinesEllipsis-unit">
    </span><span class="LinesEllipsis-unit">|</span><span class="LinesEllipsis-unit"> </span><span
      class="LinesEllipsis-unit">5</span><span class="LinesEllipsis-unit">0</span><span
      class="LinesEllipsis-unit">0</span><span class="LinesEllipsis-unit">g</span></div><next-route-announcer>
    <p aria-live="assertive" id="__next-route-announcer__" role="alert"
      style="border: 0px; clip: rect(0px, 0px, 0px, 0px); height: 1px; margin: -1px; overflow: hidden; padding: 0px; position: absolute; width: 1px; white-space: nowrap; overflow-wrap: normal;">
    </p>
  </next-route-announcer><iframe sandbox="allow-scripts allow-same-origin" title="Adobe ID Syncing iFrame"
    id="destination_publishing_iframe_colesonline_0" name="destination_publishing_iframe_colesonline_0_name"
    src="https://colesonline.demdex.net/dest5.html?d_nsid=0#https%3A%2F%2Fwww.coles.com.au"
    style="display: none; width: 0px; height: 0px;" class="aamIframeLoaded"></iframe>
  <script>
    window.dataLayer = window.dataLayer || [];
    function gtag() { window.dataLayer.push(arguments); }
    gtag('set', { 'page_title': _satellite.getVar('CC | Page Name') });
    gtag('js', new Date());
    gtag('config', 'G-C8RCBCKHNM', { 'send_page_view': false });
    gtag('config', 'AW-1021688983');
    gtag('config', 'DC-5754594');
  </script>
  <script>_satellite["_runScript3"](function (event, target, Promise) {
      var pageName = _satellite.getVar('CC | Page Name');
      if (pageName == "cusp:catalogues:view") {
        gtag('event', 'conversion', { 'allow_custom_scripts': false, 'u1': pageName, 'send_to': 'DC-5754594/super/dcm_c005+unique' });
        gtag('event', 'conversion', { 'allow_custom_scripts': false, 'u1': pageName, 'send_to': 'DC-5754594/super/dcm_c006+standard' });
        gtag('event', 'conversion', { 'allow_custom_scripts': false, 'send_to': 'AW-1021688983/yfCQCJjd2N4BEJf5lucD' });
      }
    });</script>
  <script>_satellite["_runScript4"](function (event, target, Promise) {
      /* Oracle Infinity Library */
      var infinityLib = document.createElement("script");
      var s = document.getElementsByTagName("script")[0];
      infinityLib.async = true;
      infinityLib.src = "//c.oracleinfinity.io/acs/account/zxwxleko58/js/gtm/odc.js";
      s.parentNode.insertBefore(infinityLib, s);
    });</script><!-- tiktok -->
  <script type="text/javascript">
// !function (w,d,t){w.TiktokAnalyticsObject = t;var ttq=w[t]=w[t]||[];ttq.methods=["page","track","identify","instances","debug","on","off","once","ready","alias","group","enableCookie","disableCookie"],ttq.setAndDefer=function(t,e){t[e] = function () { t.push([e].concat(Array.prototype.slice.call(arguments, 0))) }};for(var i=0;i<ttq.methods.length;i++)ttq.setAndDefer(ttq,ttq.methods[i]);ttq.instance=function(t){for(var e=ttq._i[t]||[],n=0;n<ttq.methods.length;n++)ttq.setAndDefer(e,ttq.methods[n]);return e},ttq.load=function(e,n){var i="https://analytics.tiktok.com/i18n/pixel/events.js";ttq._i=ttq._i||{ },ttq._i[e]=[],ttq._i[e]._u=i,ttq._t=ttq._t||{ },ttq._t[e]=+new Date,ttq._o=ttq._o||{ },ttq._o[e]=n||{ };n=document.createElement("script");n.type="text/javascript",n.async=!0,n.src=i+"?sdkid="+e+"&lib="+t;e=document.getElementsByTagName("script")[0];e.parentNode.insertBefore(n,e)};ttq.load('C8PV470O6OK0DA72MBJ0');ttq.page();}(window, document, 'ttq');
  </script>

  <!-- the trade desk -->
  <script type="text/javascript" src="https://js.adsrvr.org/up_loader.1.1.0.js"></script>
  <script type="text/javascript">
    if (window.ttd_dom_ready) {
      ttd_dom_ready(function () { if (typeof TTDUniversalPixelApi === 'function') { var universalPixelApi = new TTDUniversalPixelApi(); universalPixelApi.init("ufids6q", ["8vmi234"], "https://insight.adsrvr.org/track/up"); } });
    }
  </script>

  <!-- microsoft uet -->
  <script type="text/javascript">
    (function (w, d, t, r, u) { var f, n, i; w[u] = w[u] || [], f = function () { var o = { ti: "20263263" }; o.q = w[u], w[u] = new UET(o), w[u].push("pageLoad") }, n = d.createElement(t), n.src = r, n.async = 1, n.onload = n.onreadystatechange = function () { var s = this.readyState; s && s !== "loaded" && s !== "complete" || (f(), n.onload = n.onreadystatechange = null) }, i = d.getElementsByTagName(t)[0], i.parentNode.insertBefore(n, i) })(window, document, "script", "https://bat.bing.com/bat.js", "uetq");
  </script>

  <!-- facebook -->
  <script type="text/javascript">
    !function (f, b, e, v, n, t, s) { if (f.fbq) return; n = f.fbq = function () { n.callMethod ? n.callMethod.apply(n, arguments) : n.queue.push(arguments) }; if (!f._fbq) f._fbq = n; n.push = n; n.loaded = !0; n.version = '2.0'; n.queue = []; t = b.createElement(e); t.async = !0; t.src = v; s = b.getElementsByTagName(e)[0]; s.parentNode.insertBefore(t, s) }(window, document, 'script', 'https://connect.facebook.net/en_US/fbevents.js');
    fbq('set', 'autoConfig', 'false', '646643002168390');
    fbq('init', '646643002168390');
    fbq.disablePushState = true;
  </script>

  <!-- dynamic ads enzymic -->
  <script async="" type="text/javascript" src="https://staticcdn.enzymic.co/smart_tags/w8rRGxyv8K97Pjbe.js"></script>
  <script type="text/javascript">
    (function () {
      var axel = Math.random() + "";
      var a = axel * 10000000000000;
      window.colDataUtils.tbp.imgPixel('https://ad.doubleclick.net/ddm/activity/src=12772309;type=coles0;cat=coles0;dc_lat=;dc_rdid=;tag_for_child_directed_treatment=;tfua=;npa=;ord=' + a);
    })();
  </script><img
    src="https://ad.doubleclick.net/ddm/activity/src=12772309;type=coles0;cat=coles0;dc_lat=;dc_rdid=;tag_for_child_directed_treatment=;tfua=;npa=;ord=2321451236800.487"
    style="width: 1px; height: 1px; border: 0px; display: none;">

  <!-- rokt -->
  <script async="" type="text/javascript"
    src="https://apps.rokt.com/integrations/referral-tag/referral-tag.js"></script>
  <script>_satellite["_runScript5"](function (event, target, Promise) {
      /* impact */
      if (_satellite.getVar('QP | irclickid')) {
        var irclickid = _satellite.getVar('QP | irclickid');
        _satellite.cookie.set('irclickid', irclickid, { expires: 30 });
      }
    });</script>
  <script>_satellite["_runScript6"](function (event, target, Promise) {
      window.MedalliaProfile || (window.MedalliaProfile = {}), window.MedalliaProfile.localisation = { storeId: _satellite.getVar("CC | Localisation | Location ID"), region: _satellite.getVar("LS | Localisation | Region"), state: _satellite.getVar("LS | Localisation | State"), postcode: _satellite.getVar("LS | Localisation | Postcode"), shoppingMethod: _satellite.getVar("CC | Localisation | Shopping Method") };
    });</script>
  <div style="width:0px; height:0px; display:none; visibility:hidden;" id="batBeacon467442602337"><img
      style="width:0px; height:0px; display:none; visibility:hidden;" id="batBeacon389605209193" width="0" height="0"
      alt=""
      src="https://bat.bing.com/action/0?ti=20263263&amp;Ver=2&amp;mid=f2884e5c-e233-4b8c-8904-cea16379db42&amp;sid=53d56980341d11ee8c680d5bb6d50acd&amp;vid=53d56a20341d11ee88e70f526bad88a8&amp;vids=1&amp;msclkid=N&amp;pi=0&amp;lg=en-US&amp;sw=1280&amp;sh=720&amp;sc=24&amp;nwd=1&amp;tl=Search%20bananas%20%7C%20Coles&amp;kw=Keywords&amp;p=https%3A%2F%2Fwww.coles.com.au%2Fsearch%3Fq%3Dbananas&amp;r=&amp;lt=1323&amp;evt=pageLoad&amp;sv=1&amp;rn=491725">
  </div>
  <script type="text/javascript" async=""
    src="https://nebula-cdn.kampyle.com/au/wau/149543/onsite/generic1691016713042.js" charset="UTF-8"></script><iframe
    id="universal_pixel_8vmi234" height="0" width="0" style="display:none;"
    src="https://insight.adsrvr.org/track/up?adv=ufids6q&amp;ref=https%3A%2F%2Fwww.coles.com.au%2Fsearch%3Fq%3Dbananas&amp;upid=8vmi234&amp;upv=1.1.0"
    title="TTD Universal Pixel"></iframe>
</body>

</html>